2956 4944
635 338 711 395 tux
729 336 916 396 alunnum.

674 533 697 588 u
716 533 818 588 cono.
837 516 877 590 Α.

96 685 119 728 r·
134 654 316 729 arr-lutum
343 652 404 728 vel
435 663 584 751 septem
616 653 739 727 noctis
771 663 1053 728 sacramentum
1084 676 1196 726 suum
1227 677 1357 727 coram

196 755 356 830 testibus
379 754 526 851 offerat,
549 764 587 828 et
602 754 798 828 coniurare
814 755 976 851 studeat,
1002 763 1040 828 et
1053 753 1235 852 deinceps
1248 754 1357 829 inno·

196 881 285 931 cens
304 857 498 929 habeatur.

295 960 329 1030 4.
367 955 433 1029 Sin
454 965 581 1029 autem
600 979 674 1028 non
695 954 972 1054 adimpleverit,
992 978 1144 1029 omnem
1159 955 1355 1054 repetitio-

193 1081 280 1131 nem
301 1081 387 1130 cum
406 1055 505 1154 legis
523 1054 730 1129 beneficius
749 1057 935 1131 restituat.

294 1160 329 1232 5.
375 1156 415 1230 Si
443 1157 527 1255 quis
554 1180 623 1253 pro
649 1157 900 1231 hereditatem
930 1155 992 1230 vel
1020 1181 1089 1254 pro
1116 1155 1352 1254 genuitatem

195 1269 340 1332 certare
375 1257 544 1356 coeperit
573 1268 661 1355 post
693 1259 794 1332 malo
824 1258 954 1332 ordine
988 1281 1074 1331 cum
1107 1259 1130 1330 6
1162 1257 1198 1329 in
1232 1257 1354 1332 eccle·

194 1359 250 1433 sia
278 1357 494 1455 coniurata,
527 1382 613 1432 cum
645 1360 689 1433 12
722 1361 768 1432 ad
801 1356 928 1433 stalilo
960 1358 1064 1457 regis
1096 1356 1133 1429 in
1168 1357 1282 1431 circlo
1314 1368 1354 1432 et

194 1459 232 1533 in
271 1459 413 1534 collore
446 1484 531 1532 curn
563 1461 764 1533 verborum
801 1458 1122 1556 contemplatione
1154 1459 1354 1533 coniurare

193 1561 355 1635 studeat.
400 1559 439 1633 Si
474 1585 547 1633 non
575 1559 861 1658 adimpleverit,
890 1584 976 1633 cum
1004 1559 1101 1659 legis
1126 1558 1354 1633 beneficium

192 1662 376 1736 restituat.
425 1663 502 1734 Aut
524 1660 554 1734 si
579 1660 663 1759 quis
692 1685 779 1735 enm
808 1671 939 1735 contra
963 1661 1148 1758 prendere
1177 1660 1353 1756 voluerit,

193 1774 258 1836 aut
283 1787 370 1836 curn
396 1786 501 1835 arma
526 1785 596 1834 sua
621 1788 642 1834 a
668 1787 710 1837 se
736 1761 1116 1836 defensare'voluerit
1142 1771 1228 1835 ante
1246 1787 1353 1860 rege,

192 1873 257 1936 aut
271 1886 422 1936 omnem
436 1861 703 1960 repetitionem
716 1886 801 1936 cum
815 1863 913 1962 legis
928 1860 1152 1937 beneficium
1168 1862 1353 1936 restituat.

699 1981 851 2055 LXVlll.

298 2090 328 2157 l.
374 2081 414 2155 Si
439 2082 524 2180 quis
550 2082 588 2154 in
616 2093 729 2181 caput
753 2081 814 2155 vel
847 2082 884 2155 in
916 2106 1153 2181 quacumque
1180 2083 1351 2155 membro

193 2184 371 2283 plagatus
403 2183 537 2279 fuerit,
571 2195 608 2257 et
640 2208 751 2258 ossus
784 2183 918 2257 exinde
953 2183 1107 2279 exierit,
1139 2182 1202 2282 qui
1237 2207 1354 2281 super

191 2285 291 2358 viam
331 2289 374 2360 12
411 2286 598 2382 pedorum
634 2284 672 2357 in
709 2296 817 2358 scuto
863 2284 1077 2375 sonaverit,
1124 2287 1171 2360 36
1207 2283 1351 2358 solidos

192 2386 315 2459 factus
335 2385 370 2459 ei
391 2385 590 2482 culpabilis
611 2385 807 2460 iudicetur.

1224 2531 1352 2538 ———

679 2632 701 2684 a
720 2630 821 2685 conr.
841 2614 884 2685 B.

73 2764 115 2825 ⁸9.
130 2749 391 2823 annuntiaverit,
413 2749 490 2830 ipse,
514 2748 587 2828 *qui
610 2748 736 2829 placuit,
767 2755 840 2811 ante
862 2768 977 2812 annum
1000 2751 1177 2812 revolutum
1201 2748 1249 2809 vel
1272 2767 1352 2828 sep-

190 2841 253 2895 tem
283 2841 391 2896 noctes
415 2841 646 2897 sacramentum
670 2852 760 2896 suum
784 2852 892 2895 coram
915 2835 1046 2896 testibus
1069 2833 1193 2906 offerat,
1216 2839 1246 2893 et
1268 2851 1351 2894 cou-

189 2918 296 2980 iurare
318 2920 454 2992 studeat,
478 2927 510 2979 et
531 2918 679 2999 deinceps
700 2917 851 2981 innocens
873 2918 1039 2982 habeatur.

296 3005 325 3067 4.
370 3003 402 3064 Si
425 3010 613 3065 autemnon
637 3002 865 3083 adimpleverit,
888 3023 1013 3065 omnem
1038 3003 1254 3084 repetitionem
1278 3019 1351 3062 oum

189 3086 266 3168 legis
289 3086 443 3148 beneficio
466 3087 619 3150 restituat.

295 3175 324 3233 5.
368 3170 399 3230 Si
432 3171 501 3250 quis
535 3189 592 3251 pro
626 3170 804 3233 hereditate
834 3169 883 3230 vel
913 3190 971 3250 pro
1004 3171 1195 3250 ingenuitate
1229 3176 1352 3229 certare

190 3252 331 3334 coeperit
352 3261 424 3334 post
443 3253 527 3315 malo
550 3253 671 3327 ordine,
695 3273 764 3314 cum
787 3257 807 3318 6
828 3253 859 3313 in
883 3254 1014 3315 ecclesia
1038 3254 1189 3322 coniuret,
1216 3271 1285 3311 cum
1311 3255 1352 3316 12

190 3354 231 3416 ad
254 3355 432 3435 stappulum
455 3354 538 3434 regis
560 3355 591 3415 in
615 3355 729 3416 circulo
753 3362 783 3416 et
806 3341 842 3412 ln
860 3339 982 3436 hasla,
1000 3341 1074 3412 hoc
1093 3350 1152 3412 est
1171 3338 1209 3409 in
1227 3359 1350 3433 ramO,

190 3459 259 3502 cum
290 3442 459 3502 verborum
487 3439 752 3519 contemplatione
781 3436 950 3500 coniurare
972 3438 1104 3499 studeat.
1148 3436 1179 3497 si
1201 3453 1265 3495 non
1287 3435 1352 3497 ad-

188 3524 378 3605 impleverit,
412 3543 482 3584 eum
515 3522 591 3605 legis
624 3523 778 3583 beneficio
812 3520 964 3582 restituat.
1021 3523 1082 3582 Aut
1115 3521 1141 3582 si
1175 3519 1242 3600 quis
1277 3538 1350 3580 eum

189 3616 298 3670 contra
321 3610 476 3689 prendere
498 3606 643 3678 voluerit,
666 3613 719 3668 aut
741 3625 809 3666 cum
831 3604 928 3667 armis
948 3605 1014 3668 suis
1038 3624 1072 3668 se
1095 3605 1262 3666 defensare
1278 3610 1350 3665 stu-

189 3694 263 3754 deat
291 3702 364 3755 ante
386 3711 503 3773 regern,
536 3699 590 3753 aut
612 3709 738 3752 omnem
761 3688 980 3771 repetitionem
1003 3709 1072 3752 cnm
1095 3689 1170 3772 legis
1193 3687 1348 3750 beneficio

187 3777 341 3839 restituat.

717 3858 815 3920 LXX.

186 3964 239 4024 De
270 3980 363 4024 osse
393 3980 507 4042 super
537 3961 637 4024 viam
666 3968 851 4060 sonante,
882 3961 941 4022 vel
968 3964 1117 4042 absque
1140 3959 1349 4022 effusione

658 4065 877 4128 sangurnrs.

295 4151 322 4215 l·
359 4148 390 4209 Si
418 4148 487 4228 quis
510 4149 541 4208 in
568 4148 670 4229 capite
694 4148 742 4209 vel
762 4148 793 4208 in
816 4167 1015 4228 quocumque
1037 4150 1179 4209 membro
1206 4145 1349 4227 plagatus

186 4234 296 4306 luerit,
326 4239 357 4294 et
385 4252 421 4294 os
450 4231 562 4293 exinde
596 4232 721 4304 exierit,
755 4235 840 4312 quod
876 4234 901 4296 si
931 4252 1027 4313 super
1054 4233 1137 4294 viam
1170 4232 1208 4294 12
1233 4230 1350 4309 pedum

68 4400 71 4406 Ι
185 4318 217 4378 in
240 4325 328 4379 scuto
351 4317 490 4379 iactum
514 4316 685 4389 sonaverit,
707 4318 748 4383 36
772 4316 880 4379 solidis
904 4317 1004 4378 lactus
1028 4316 1056 4376 ei
1079 4312 1240 4395 culpabilis
1263 4311 1350 4372 iudi-

187 4410 283 4464 cetur.
