2956 4944
568 305 645 363 LEX
665 304 854 363 RiBUARiA.

610 499 633 553 u
652 498 753 553 cour.
773 480 813 554 Α.

618 599 803 674 LXXXIX.

231 722 310 795 Nec
347 720 472 794 nuilus
510 718 621 794 iudex
658 717 798 795 fiscalis
841 721 887 795 de
923 744 1162 819 quacumque
1197 718 1292 794 libet

131 846 245 896 causa
265 822 362 896 freta
381 846 457 896 non
477 820 616 920 exigat,
636 821 855 920 prinsquam
876 820 1023 896 facinus
1043 830 1289 918 conponatur.

130 923 172 997 Si
205 922 289 1021 quis
322 934 449 998 autem
486 947 554 1021 per
590 921 838 1019 cupiditatem
873 921 988 997 istam
1028 932 1290 1020 transgressus

130 1025 262 1120 fuerit,
296 1023 446 1125 legibus
476 1033 723 1124 conponatur.
775 1023 928 1098 Fretum
962 1033 1090 1097 autem
1125 1046 1199 1095 non
1232 1021 1290 1095 ini

130 1124 244 1199 iudici
270 1125 422 1221 tribuat,
443 1124 502 1199 oui
523 1124 634 1222 culpa
660 1123 874 1219 commisit3
901 1125 967 1199 sed
995 1123 1065 1220 illi,
1094 1122 1157 1222 qui
1192 1122 1292 1197 solu-

131 1225 279 1300 cionem
310 1226 458 1324 recipit,
492 1224 647 1300 terciam
678 1235 825 1322 partem
853 1249 982 1299 coram
1008 1224 1169 1300 testibus
1196 1222 1290 1299 fisco

128 1326 281 1421 tribuat,
301 1338 342 1400 ut
359 1351 432 1424 pax
451 1336 634 1425 perpetua
653 1325 800 1399 stabilis
819 1337 1050 1423 permaneat.

129 1444 346 1518 EXPLICIT
372 1444 464 1517 LEX
489 1444 723 1519 RtBUARtA.
764 1442 861 1516 DEO
888 1440 1103 1518 GRATIAS.
1146 1443 1291 1517 AMEN.

145 1593 571 1602 --—--—-—-.-----—
701 1592 1178 1600 .-——---—--.-.—-—-.--——-.-.
1197 1594 1202 1598 .
1230 1592 1291 1599 .-.-

607 1690 631 1744 u
649 1690 750 1747 corn.
768 1673 811 1745 B.

670 1787 749 1854 xci.

170 1895 214 1960 Ut
235 1895 390 1959 iudices
413 1893 495 1958 sive
518 1892 626 1957 missi
647 1892 807 1956 fiscales
830 1892 946 1955 freda
968 1911 1048 1954 non
1072 1893 1255 1977 exigant,

354 1978 589 2061 priusquam
612 1978 770 2040 facinus
794 1983 1058 2058 conponatur.

230 2084 312 2158 Hoc
337 2107 489 2182 quoque
512 2082 696 2178 iubemus,
725 2092 765 2154 ut
792 2080 938 2155 iudices
964 2106 1079 2179 supra
1106 2081 1291 2155 nominati

128 2184 209 2259 sive
235 2182 384 2258 fiscales
416 2200 456 2260 da
485 2216 681 2280 quacumque
711 2196 787 2260 tibet
815 2214 910 2259 causa
939 2197 1030 2260 freda
1060 2216 1124 2260 non
1155 2198 1291 2279 exigant,

128 2282 312 2364 priusquam
342 2282 463 2345 facinus
486 2289 691 2363 conponatur.
735 2281 858 2363 siquis
881 2288 985 2344 autem
1008 2300 1067 2363 per
1089 2281 1291 2362 cupiditatem

128 2368 191 2429 ista
211 2373 429 2449 transgressus
452 2366 557 2438 suerit,
579 2364 699 2449 legibus
716 2373 923 2444 conponatur.
956 2365 1091 2428 Fredum
1107 2372 1211 2428 autern
1227 2385 1291 2429 non

130 2449 172 2512 iili
194 2450 288 2513 iudici
309 2451 438 2526 tribuat,
461 2451 509 2512 oui
532 2449 654 2533 cuipam
679 2449 849 2527 commisit3
872 2451 928 2512 sed
951 2449 1005 2524 ilii,
1028 2450 1080 2532 qui
1102 2450 1291 2513 solutionem

131 2535 249 2617 recipit,
278 2535 404 2600 tertiam
433 2543 557 2618 partem
588 2553 696 2597 coram
725 2534 859 2599 testibus
888 2535 967 2598 fisco
998 2534 1132 2606 tribuat,
1166 2543 1199 2598 ut
1228 2556 1291 2618 pax

130 2628 284 2703 perpetua
306 2619 427 2683 stabilis
449 2627 644 2701 permaneat.

413 2703 596 2768 EXPLlCiT
618 2704 700 2766 LEX
722 2701 1003 2767 uincantonuu.

605 2868 635 2875 -.-
648 2864 824 2875 ..ῳ-ψ..-

513 3030 906 3115 continentium

206 3144 302 3200 untur
326 3142 372 3199 25.
398 3145 463 3213 lepte
481 3143 626 3199 littorariae
650 3144 794 3197 occandum
817 3147 919 3198 tentum
937 3142 974 3210 A,
1002 3156 1076 3213 quen
1099 3144 1185 3209 edidi,
1212 3156 1281 3197 com·

129 3221 284 3286 positionem
304 3217 321 3268 6
340 3218 495 3287 solidorum,
514 3232 569 3273 non
588 3216 768 3271 tactionum
793 3216 880 3271 tutet.
919 3214 1079 3285 Compositio
1099 3215 1116 3268 5
1134 3218 1289 3283 tortorum,

131 3307 208 3362 qoam
228 3296 315 3346 tentus
335 3290 358 3344 B
377 3296 405 3346 ct
422 3292 501 3346 codd.
515 3288 629 3345 .42-4.
648 3290 675 3341 6.
694 3289 722 3345 7.
741 3290 767 3345 9.
789 3291 832 3344 10.
851 3289 957 3353 tutent,
979 3295 1074 3359 poatco
1097 3292 1206 3345 inducto
1228 3304 1289 3345 cato

131 3367 244 3420 uidetur.
275 3365 405 3421 Mutondo
423 3367 503 3434 icitur
516 3369 600 3433 enuit,
621 3378 689 3434 punc
705 3381 732 3432 p.
748 3362 781 3416 15
800 3368 844 3431 (5.
864 3362 899 3429 7)
925 3364 1047 3418 ducunt.
1090 3364 1170 3419 sotus
1193 3367 1232 3417 tu.
1251 3361 1290 3414 24

131 3441 195 3507 (qut
216 3440 428 3506 competitionem
449 3436 565 3493 Sotr‘oom
588 3438 645 3506 2¹s,
667 3438 813 3492 solidorum
837 3437 932 3503 tutat)
954 3442 1048 3507 poatoo
1074 3440 1128 3506 1091'
1144 3436 1289 3490 Rttoortoo

132 3512 239 3567 oddttoa
258 3526 317 3567 coac
334 3513 449 3567 noctur.
