2956 4944
269 351 307 404 22
689 347 767 404 LEX
786 347 973 406 RlBUARlA.

271 528 383 610 quas(
408 528 589 608 coequos).
634 523 673 585 Iu
695 523 788 587 titulo
809 524 861 605 33,
883 548 910 588 c.
928 524 956 587 1.
979 523 1103 587 codices
1129 527 1156 586 l.
1178 524 1209 588 2.
1231 522 1252 586 5
1275 525 1405 590 habeut

271 628 368 693 quum
382 545 458 671 ioco
481 627 589 753 (Quem.
632 605 754 670 Eodem
776 607 844 671 loco
866 607 992 671 codices
1016 607 1098 671 1-3
1117 607 1278 691 praebent
1293 607 1403 689 debit,

270 715 343 756 cum
365 692 465 756 scribi
510 689 646 754 ebuisset
667 688 764 754 dedit.
809 689 1026 772 1010101032,
1049 716 1075 754 0.
1091 690 1121 753 2.
1144 691 1277 756 0001001
1299 692 1404 757 babet

270 774 456 921 000οἴ0ἰὶ100
486 773 610 839 codices
631 773 660 836 2.
684 773 705 837 3
732 771 917 858 probaliter‚
945 773 1065 860 reliqui
1090 773 1309 860 probabiliter.
1358 777 1403 840 Iu

271 862 365 924 tituo
388 859 439 934 31,
462 882 488 920 0.
513 857 541 920 1.
562 878 626 920 000
647 865 703 920 aut
725 880 747 921 a
769 858 846 922 solis
868 857 1034 922 codicibus
1057 859 1139 923 1-3
1159 859 1308 924 additur.
1357 861 1402 923 Iu

263 944 335 1026 flue
349 940 438 1007 tituli
452 940 503 1005 33.
519 962 583 1004 000
598 940 639 1004 ud
655 947 749 1023 (aute
764 946 944 1023 auctorem)
967 944 1004 1005 iu
1026 940 1104 1006 solis
1128 942 1293 1007 codicibus
1311 944 1403 1008 1-3

271 1028 451 1091 iuoeuitur.
494 1024 546 1089 De
568 1023 743 1108 0000001010
766 1026 963 1090 subdiaconi
990 1027 1055 1108 (tit.
1076 1027 1128 1107 36,
1151 1051 1177 1090 c.
1200 1027 1237 1107 6)
1267 1027 1401 1092 codices

274 1109 401 1178 1-3.5
422 1112 508 1173 iuter
529 1130 561 1172 se
584 1130 643 1171 cou
668 1118 779 1173 ruuut.
823 1109 972 1173 lutitulo
988 1109 1039 1190 37,
1063 1110 1133 1174 02.
1156 1119 1315 1193 corrupta
1331 1134 1402 1176 000

272 1191 417 1258 similitor
438 1193 523 1276 (loco
547 1193 575 1254 si
589 1130 719 1273 muder)
742 1194 780 1256 iu
803 1194 968 1258 codicibus
992 1194 1019 1256 1.
1043 1192 1072 1256 2.
1095 1194 1116 1256 5
1136 1196 1314 1258 iuveuitur.
1356 1195 1402 1260 Iu

271 1277 365 1342 titulo
387 1276 437 1346 38,
461 1278 587 1341 codices
612 1276 692 1340 1-3
714 1276 834 1341 babeut
854 1276 916 1340 XL
936 1275 1005 1358 sol,
1026 1276 1146 1361 reliqui
1167 1275 1229 1340 LX
1250 1276 1307 1342 sol.
1355 1281 1401 1343 Iu

270 1359 366 1425 titulo
388 1359 440 1440 46,
463 1385 488 1424 c.
511 1361 541 1424 2.
571 1360 696 1426 codices
720 1364 747 1424 l.
771 1362 800 1424 2.
823 1362 844 1426 5
872 1361 1023 1426 eubibeut
1045 1368 1081 1424 ut
1109 1360 1196 1444 (loco
1217 1365 1301 1441 aut).
1356 1364 1400 1428 Iu

271 1444 365 1510 titulo
386 1444 439 1525 51,
462 1468 486 1508 0.
510 1445 540 1508 2.
563 1466 614 1508 res
629 1442 785 1508 Ribuuria
806 1445 892 1528 (loco
914 1443 969 1508 lex
983 1444 1155 1525 Ribuaria)
1176 1447 1213 1509 iu
1228 1445 1402 1511 codicibus

273 1528 580 1614 124510901ον.
624 1529 665 1592 lu
687 1527 845 1610 10101056,
868 1554 894 1592 0.
910 1530 940 1593 2.
963 1527 1026 1593 soli
1047 1530 1172 1594 codices
1196 1529 1223 1593 1.
1247 1530 1267 1593 2
1288 1550 1401 1597 uocem

271 1613 355 1677 inter
384 1617 401 1693 (
402 1636 475 1676 cum
500 1613 641 1676 barbaro
662 1613 756 1676 modo
777 1611 932 1696 loquendi
955 1635 1015 1676 cou
1040 1616 1203 1694 rueutem)
1231 1615 1399 1678 iuseruut.

272 1697 313 1760 Iu
335 1693 429 1760 titulo
451 1695 503 1776 58,
526 1720 552 1759 c.
575 1696 604 1758 2.
627 1696 662 1758 iu
686 1696 851 1760 codicibus
868 1696 958 1760 1-3,
975 1636 1040 1759 di
1063 1697 1149 1761 idem
1170 1718 1284 1760 versus
1325 1697 1400 1762 also

271 1780 340 1844 loco
356 1780 508 1859 occurrit,
530 1800 640 1842 errore
654 1778 790 1843 librarii
811 1802 833 1842 0
855 1777 923 1844 loco
946 1802 1005 1844 suo
1022 1788 1134 1843 motus.
1180 1781 1220 1844 Iu
1235 1782 1273 1844 tit
1311 1782 1401 1864 058,

271 1888 297 1928 0.
315 1865 364 1932 11.
387 1884 481 1926 error
495 1862 669 1944 ingenuam
683 1860 871 1926 Ribuariam
894 1864 960 1946 (cel
973 1865 1115 1946 ingenua
1129 1863 1294 1943 Ribuaria‚
1317 1865 1403 1930 dum

272 1948 311 2011 de
332 1949 477 2032 iuqeuuo
496 1945 662 2010 Ribuario
684 1946 753 2012 dici
774 1947 950 2028 debuisset)
973 1949 1010 2012 iu
1032 1947 1198 2012 codicibus
1224 1949 1313 2013 1-3.
1330 1950 1363 2014 6.
1381 1950 1401 2014 7

272 2030 422 2096 occurrit.
466 2031 507 2094 lu
530 2029 645 2095 celebri
667 2029 735 2095 loco
758 2029 847 2094 tituli
867 2031 919 2112 58,
943 2056 968 2095 0.
994 2032 1022 2112 1,
1051 2031 1107 2096 ubi
1130 2031 1326 2097 deecclesia
1350 2057 1401 2098 se·

272 2115 416 2179 cuudum
438 2113 538 2200 109000
553 2115 740 2179 Romanum
761 2116 885 2179 uiueute
908 2116 1031 2201 aqitur,
1054 2116 1178 2180 codices
1202 2117 1293 2179 1-3.
1312 2114 1400 2181 5-7

271 2208 463 2284 corruptum
493 2208 613 2262 tectum
636 2199 811 2282 praebent,
848 2199 906 2284 qui
941 2220 981 2263 esc
1010 2220 1078 2264 uuo
1108 2200 1276 2284 eodemque
1297 2199 1401 2284 faute

262 2284 406 2369 fluuisse
427 2282 567 2347 uidetur.

359 2363 452 2438 Quae
472 2369 542 2430 iam
564 2366 714 2451 sufficere
737 2367 900 2446 uideatur,
924 2376 960 2430 ut
981 2366 1226 2447 concludamus,
1248 2390 1320 2431 cum
1344 2391 1398 2434 00·

272 2450 343 2514 dice
367 2452 383 2511 l
410 2452 521 2532 primo
551 2449 620 2513 loco
650 2451 790 2514 codicem
819 2449 849 2530 2,
878 2460 945 2514 tum
974 2451 1114 2515 codicem
1143 2452 1173 2530 3,
1207 2452 1298 2515 tertio
1326 2449 1400 2518 loco

270 2532 397 2598 codices
413 2534 443 2597 6.
458 2531 488 2614 7,
511 2543 630 2616 quomo
651 2532 720 2596 loco
743 2534 884 2597 codicem
897 2535 919 2597 5
933 2534 1113 2598 cobuerere.
1161 2533 1269 2600 Codex
1283 2535 1401 2620 4000-

268 2618 384 2702 prium
413 2639 508 2681 suum
537 2615 642 2680 locum
668 2626 761 2697 leuet,
792 2618 895 2681 codem
917 2620 1058 2701 optimae
1079 2628 1189 2682 tameu
1210 2628 1316 2698 uotae,
1340 2624 1402 2705 qui

270 2723 344 2765 cum
372 2699 502 2765 saeculo
533 2710 644 2765 octavo
673 2709 807 2765 eueuutc
830 2701 878 2764 vel
894 2703 1016 2786 primis
1038 2704 1146 2766 iuitiis
1168 2702 1293 2766 sacculi
1314 2707 1403 2769 uoui

270 2787 400 2849 couscri
424 2793 477 2848 tus
503 2787 555 2866 sit,
583 2783 726 2870 reliquos
749 2807 856 2849 omues
879 2794 1031 2850 uetustate
1054 2797 1191 2872 superat
1212 2796 1241 2851 ct
1261 2788 1298 2850 iu
1319 2787 1398 2871 plu-

271 2869 363 2934 ribus
393 2808 473 2935 dcis
502 2870 684 2954 90001000
713 2878 834 2933 tercium
864 2873 1016 2935 seruauit.
1060 2871 1101 2935 lu
1125 2869 1219 2935 titulo
1241 2872 1292 2952 58,
1316 2896 1343 2934 c.
1368 2872 1399 2939 7.

271 2954 410 3018 codeu4
431 2954 509 3040 leqit
530 2975 591 3040 epo
615 2955 669 3035 (id
685 2962 731 3017 est
744 2954 928 3039 episcopo),
951 2955 1028 3019 dum
1051 2957 1176 3020 codices
1201 2956 1291 3021 1-3.
1312 2956 1398 3019 5-7

272 3047 462 3122 corruptum
484 3061 590 3104 uocem
612 3038 683 3123 ipso
706 3038 889 3103 eubibeaut.
933 3040 973 3103 lu
990 3040 1082 3105 titulo
1097 3039 1149 3122 58,
1166 3066 1192 3104 0.
1210 3041 1238 3102 1.
1260 3039 1401 3105 0001004

271 3131 354 3185 recte
374 3121 470 3206 lcqit:
497 3121 673 3185 secundum
695 3120 800 3204 legem
821 3121 1011 3202 Romanam,
1033 3145 1130 3209 quam
1153 3121 1286 3188 ecelesia
1306 3123 1400 3189 vivit.

272 3202 417 3288 Saepius
440 3204 612 3284 haesitavi,
640 3214 751 3268 utrum
773 3207 875 3270 codem
900 3211 913 3266 1
945 3229 990 3270 00
1013 3207 1114 3271 0001000
1135 3207 1156 3269 4
1180 3229 1243 3291 pro
1260 3205 1396 3291 funda*-

271 3297 376 3352 meuto
406 3288 563 3352 editioris
591 3287 759 3353 babeudus
786 3297 875 3352 essct.
927 3289 1031 3352 Viucit
1054 3299 1161 3354 autem
1183 3292 1284 3355 coderc
1308 3294 1323 3353 1
1348 3315 1400 3356 co-

272 3373 376 3437 dicem
409 3373 431 3434 4
463 3373 515 3436 bis
554 3375 684 3436 causis:
728 3374 890 3455 primum,
950 3375 1016 3437 uod
1051 3374 1152 3437 codecc
1187 3375 1202 3437 1
1233 3377 1398 3460 iuteqram
1460 3415 1465 3424 ·

271 3456 373 3543 109000
400 3455 603 3521 Ribuarium
630 3458 782 3537 coutiuct,
813 3459 850 3521 iu
880 3395 989 3520 corlice
1015 3459 1036 3520 4
1063 3457 1180 3520 ultima
1200 3479 1289 3542 pars
1315 3457 1398 3541 leqis

273 3541 482 3606 desideratur
489 3562 501 3621 ;
524 3549 601 3620 tum,
625 3538 712 3625 quod
725 3537 778 3604 lem
793 3539 961 3603 Ribuaria
981 3542 1018 3603 iu
1034 3542 1143 3604 codice
1161 3544 1175 3603 1
1200 3541 1271 3602 siue
1293 3541 1398 3604 titulis

275 3635 370 3709 atque
391 3625 534 3690 rubricis
556 3624 742 3703 iuueuitur;
767 3623 904 3708 dcuique
927 3624 1015 3708 quod
1036 3645 1139 3687 sermo
1161 3622 1324 3688 barbarus
1347 3644 1396 3684 co·

271 3710 358 3774 dicis
384 3712 398 3772 l
430 3717 541 3794 aperte
567 3707 752 3773 vetustioris
780 3708 922 3792 oriqiuis
944 3716 999 3788 est,
1029 3707 1130 3770 codcsc
1151 3708 1173 3769 4
1195 3714 1311 3785 autem,
1342 3707 1398 3769 cui

270 3793 394 3878 linqua
408 3793 533 3859 Latiua
547 3793 662 3858 melius
679 3801 775 3876 atque
796 3792 916 3855 rectius
937 3790 1097 3874 procedit,
1118 3793 1188 3855 iam
1205 3788 1347 3874 politam
1369 3798 1399 3852 et

273 3886 463 3941 reuocatam
491 3879 590 3963 quasi
618 3875 1241 3961 000000010010110600010000010001.
1286 3873 1398 3937 Auim-

273 3960 509 4025 adcerteudum
534 3970 711 4044 praeterea
732 3969 788 4040 est,
819 3959 959 4023 codicem
980 3959 1002 4023 4
1027 3960 1192 4023 interdum
1214 3981 1287 4022 cum
1308 3967 1398 4021 tectu

274 4043 408 4130 uulqato
438 4067 506 4126 000,
523 4066 628 4109 ruere.
688 4041 768 4109 Cum
796 4044 904 4108 codice
931 4043 954 4107 4
982 4043 1083 4107 codem
1109 4042 1130 4105 9
1157 4044 1292 4128 saepius
1322 4064 1397 4105 000-

203 4170 205 4174 -
274 4130 376 4214 90001,
399 4131 485 4192 iuter
509 4152 563 4192 um
585 4131 682 4193 etiam
697 4127 797 4193 codem
815 4127 863 4194 10.
910 4127 1042 4192 Codices
1057 4135 1163 4191 autem
1179 4127 1208 4191 8.
1227 4126 1275 4207 10,
1296 4127 1398 4189 iuter-

273 4213 354 4276 dum
376 4216 472 4277 etiam
495 4213 665 4277 codices9.
684 4213 720 4274 11
745 4235 818 4275 cum
839 4219 927 4275 tectu
949 4210 1082 4297 uulqato
1101 4212 1241 4274 couuerci
1255 4218 1342 4288 suut,
1365 4218 1402 4272 ut
