2956 4944
643 339 720 395 LEX
739 337 927 397 alunnum.

686 534 708 587 u
727 533 828 589 cour.
848 516 887 588 Α.

206 655 421 728 Ribuariam
442 654 650 751 ingenuum
672 653 865 727 demiserit
888 665 924 728 et
947 654 1136 728 dinarium
1155 655 1371 752 iactaverit,

207 768 244 831 et
275 755 444 829 eiusdem
475 755 529 828 rei
557 766 657 828 carta
686 755 887 854 acciperit,
916 755 1133 830 nullatenus
1163 782 1251 831 eum
1284 784 1370 856 per·

207 857 393 931 mittimus
414 857 449 928 in
469 856 630 929 servicio
651 855 852 950 inclinare,
880 857 945 930 sed
973 857 1073 931 sicut
1098 857 1235 956 reliqui
1254 859 1370 933 Ribu-

208 958 276 1031 arii
297 958 392 1030 liber
415 956 634 1055 permaniat.

308 1098 341 1171 2.
374 1093 448 1168 Sed
465 1093 496 1167 si
518 1093 602 1191 quis
624 1093 660 1164 in
682 1096 921 1190 postmodum
944 1095 1155 1170 contrarius
1177 1097 1368 1194 exteterit,

190 1198 306 1294 ‘quod
329 1220 414 1269 eum
440 1195 523 1293 quis
545 1194 730 1267 inlicitum
753 1195 884 1268 ordine
908 1196 1115 1295 ingenuum
1142 1197 1367 1293 dimisisset,

208 1309 245 1371 et
273 1296 354 1394 ipse
383 1321 468 1369 curn
493 1295 618 1393 gladio
647 1321 715 1369 suo
743 1296 814 1368 hoc
835 1297 975 1371 studiat
994 1297 1204 1372 defensare.
1240 1300 1315 1371 Aut
1334 1301 1366 1372 si

106 1429 129 1470 a·
146 1409 401 1471 wauctorem
415 1396 602 1491 habuerit,
617 1408 749 1469 auctor
769 1422 853 1470 curn
873 1397 1020 1496 legibus
1040 1423 1085 1472 ex
1103 1399 1176 1472 hoc
1196 1424 1283 1472 eum
1303 1401 1367 1473 ad·

197 1500 331 1590 ducat.
385 1501 459 1572 Aut
484 1498 514 1572 si
548 1497 696 1596 legibus
728 1523 815 1571 eum
848 1524 922 1571 non
957 1499 1124 1597 potuerit
1155 1501 1365 1597 defensare,

209 1601 253 1673 ad
274 1611 421 1698 partem
442 1599 544 1698 regis
563 1600 637 1673 200
652 1597 793 1672 solidos
818 1600 1016 1698 culpabilis
1036 1600 1235 1696 iudicetur,
1261 1613 1300 1675 et
1317 1603 1365 1674 ad

207 1712 353 1799 partem
374 1701 466 1796 eius,
497 1699 603 1773 cuius
622 1724 773 1772 servum
794 1700 978 1773 inlicitum
998 1701 1167 1774 ordinem
1190 1728 1210 1775 a
1231 1703 1366 1801 iugum

207 1801 398 1874 servitutis
420 1801 621 1874 obsolvere
645 1801 788 1897 nititur,
812 1805 860 1875 45
878 1802 1020 1876 solidos
1040 1803 1232 1900 multetur,
1260 1815 1299 1876 et
1318 1807 1365 1878 de

208 1926 338 1975 ornnes
357 1926 429 1998 reS,
450 1903 548 2000 quod
570 1901 603 1974 ei
625 1903 863 1997 condonavit,
883 1904 1030 1977 alienus
1051 1904 1201 1978 existat.

309 2041 342 2112 3.
371 2039 409 2113 Si
427 2051 554 2112 autem
579 2040 846 2136 defensaverit,
873 2040 968 2114 liber
988 2042 1211 2139 permaniat,
1240 2052 1277 2115 et
1295 2041 1366 2137 illi,

208 2139 271 2237 qui
293 2164 378 2213 eurn
399 2140 519 2212 voluit
538 2140 733 2235 inservire,
763 2145 837 2217 200
858 2143 1001 2215 solidos
1016 2166 1120 2240 rege,
1140 2148 1188 2218 45
1204 2141 1257 2214 illi
1282 2143 1365 2240 [qui

207 2242 440 2338 defensatur]
462 2241 660 2338 culpabilis
680 2241 876 2316 iudicetur.

308 2385 341 2451 4.
368 2380 406 2453 Si
424 2391 549 2451 autem
571 2379 685 2451 homo
708 2381 914 2454 dinariatus
931 2383 1069 2478 absque
1084 2380 1212 2454 liberis
1226 2380 1369 2455 disces-

207 2479 311 2570 serit,
333 2505 405 2551 non
431 2479 548 2551 aliurn
568 2504 680 2575 quam
701 2481 794 2554 fisco
814 2493 944 2555 nostro
964 2483 1144 2556 heredem
1163 2482 1367 2581 relinquat.

212 2665 387 2672 -—
678 2668 1368 2676 —-————-·---—-—-—-——-———--—-

683 2810 828 2865 acono.
849 2793 891 2864 B.

207 2927 361 2989 dimiserit
384 2946 440 3008 per
462 2927 627 3000 dinarium,
651 2937 682 2990 et
703 2928 844 2991 eiusdem
867 2927 914 2989 rei
935 2935 1054 2991 cartam
1078 2928 1235 3008 acciperit,
1261 2928 1369 2990 nulla-

206 3019 297 3074 tenus
321 3031 391 3074 curn
415 3011 623 3092 permittimus
645 3013 676 3073 in
701 3013 865 3075 servicium
888 3012 1052 3089 inclinare3
1076 3015 1131 3075 sed
1157 3013 1234 3075 sicut
1255 3013 1368 3093 reliqui

205 3096 345 3159 Ribuarii
367 3095 447 3157 liber
469 3104 664 3177 permaneat.

311 3221 340 3281 2.
378 3217 438 3277 Sed
466 3217 492 3279 si
523 3218 591 3298 quis
622 3218 648 3279 ei
679 3219 882 3299 postmodum
906 3217 1082 3278 contrarius
1105 3216 1251 3286 extiterit,
1280 3220 1368 3296 quod

89 3308 129 3367 ἰ».
144 3309 197 3359 242.
208 3320 277 3362 eum
302 3301 370 3382 quis
392 3301 510 3363 inlicito
525 3303 635 3364 ordine
649 3303 815 3385 ingenuum
832 3301 1008 3372 dimisisset,
1032 3300 1144 3378 etipse
1160 3318 1228 3358 curn
1246 3298 1367 3377 *gladio

208 3404 265 3447 suo
284 3385 346 3447 hoc
361 3386 485 3448 studeat
501 3388 679 3449 defensare.
705 3389 766 3447 Aut
781 3386 806 3448 si
823 3392 984 3446 auctorem
999 3381 1153 3453 habuerit,
1171 3388 1280 3442 auctor
1295 3401 1367 3443 curn

206 3469 326 3552 legibus
350 3491 388 3531 ex
409 3470 472 3532 hoc
495 3491 565 3534 eum
589 3472 735 3532 adducat.
775 3472 836 3530 Aut
857 3469 882 3530 si
905 3467 1025 3549 legibus
1049 3486 1119 3527 eum
1143 3484 1204 3525 nou
1229 3466 1368 3546 potuerit

207 3555 383 3626 defensare,
414 3557 453 3616 ad
477 3564 599 3637 partem
615 3555 697 3635 regis
713 3556 775 3619 200
791 3552 898 3615 solidis
914 3549 1076 3631 culpabitis
1091 3549 1253 3624 iudicetur,
1276 3558 1307 3611 et
1325 3551 1366 3611 ad

206 3647 330 3720 partem
352 3640 427 3710 eius,
451 3641 535 3702 cuius
559 3659 684 3702 servum
700 3636 817 3698 inlicito
834 3635 944 3696 ordine
960 3654 978 3695 a
993 3634 1065 3716 iugo
1081 3634 1238 3696 servitutis
1255 3636 1368 3696 absol-

207 3743 280 3784 vere
305 3723 422 3797 nititur,
445 3728 485 3789 45
509 3723 617 3785 solidis
641 3722 796 3793 muitetur,
820 3728 850 3779 et
873 3721 912 3780 de
935 3718 1080 3782 omnibus
1103 3720 1208 3792 rebus,
1236 3740 1314 3801 quas
1338 3719 1366 3780 ei

206 3807 406 3881 condonavit,
429 3807 547 3870 alienus
570 3808 693 3869 existat.

312 3933 341 3996 3.
375 3929 406 3991 Si
429 3935 534 3991 autem
557 3947 591 3988 se
614 3925 834 3999 defensaverit,
856 3925 934 3986 liber
957 3934 1153 4007 permaneat,
1177 3931 1208 3985 et
1229 3924 1289 3997 ilie,
1314 3924 1366 4003 qui

206 4031 276 4074 eum
307 4015 404 4074 voluit
432 4013 594 4084 inservire,
624 4015 686 4076 200
710 4009 818 4072 solidis
841 4010 916 4092 regi,
948 4014 988 4076 45
1011 4010 1065 4084 itti,
1096 4010 1148 4090 qui
1172 4010 1367 4082 defensatur,

206 4096 368 4178 culpabilis
390 4097 552 4158 iudicetur.

311 4221 339 4282 4.
367 4217 397 4278 Si
413 4224 516 4278 autern
533 4217 631 4278 homo
648 4217 819 4279 dinariatus
837 4219 957 4297 absque
972 4215 1079 4278 liberis
1097 4213 1285 4287 discesserit,
1302 4231 1367 4272 non

206 4302 299 4364 alium
324 4301 382 4364 nisi
405 4300 515 4364 fiscum
539 4310 680 4364 nostrum
704 4304 853 4365 heredem
875 4301 1041 4382 relinquat.
