2956 4944
595 345 671 400 Lux
690 342 877 401 urnulam.

635 538 659 592 a
678 539 779 592 cono.
799 521 838 594 Α.

677 658 858 729 LVlll.

262 766 292 832 l.
330 759 411 831 Hoc
431 758 544 831 etiam
564 758 749 852 iubemus,
770 769 823 853 ut,
843 758 1132 857 qualiscumque
1151 759 1315 833 Francus

155 860 366 954 RibuariuS,
379 884 445 933 seu
461 858 669 932 tabularius
684 883 836 933 servum
850 883 959 931 suum
973 885 1041 957 pro
1057 859 1207 934 animae
1222 885 1315 934 suae

156 961 366 1035 remedium
395 985 462 1034 seo
486 986 554 1058 pro
579 961 708 1058 precio
734 961 944 1034 secundum
963 961 1089 1056 legem
1107 961 1315 1034 Romanam

156 1063 317 1136 liberare
344 1062 525 1158 voluerit,
553 1073 594 1134 ut
619 1061 721 1156 [eum
732 1059 804 1157 *l
794 1086 831 1133 m
858 1062 1020 1135 ecclesia
1054 1086 1182 1135 coram
1213 1086 1317 1160 pres·

157 1164 308 1258 byteris,
328 1163 560 1255 diaconibus,
580 1186 646 1235 seo
667 1174 802 1235 cuncto
823 1164 925 1237 clero
947 1174 984 1235 et
1001 1162 1124 1260 plebe,
1144 1163 1182 1234 in
1201 1188 1315 1236 manu

158 1265 324 1362 episcopi
353 1288 464 1336 servo
487 1288 571 1336 cum
592 1263 740 1336 tabulas
759 1264 895 1357 tradat,
923 1274 960 1336 et
980 1264 1178 1362 episcopus
1196 1265 1317 1337 archi-

159 1365 319 1437 diacono
345 1364 485 1458 iubeat,
514 1374 555 1435 ut
581 1363 614 1436 ei
643 1363 790 1435 tabulas
809 1365 1018 1436 secundum
1037 1364 1162 1461 legem
1182 1366 1316 1438 Roma-

157 1489 268 1560 nam,
302 1488 414 1563 quam
444 1464 605 1538 ecclesia
632 1464 745 1558 vivit,
782 1464 948 1537 scribere
976 1464 1137 1561 faciunt,
1174 1476 1315 1538 ettam

158 1566 240 1663 ipse
260 1590 372 1664 quam
394 1576 432 1638 et
450 1565 574 1638 omnis
594 1564 807 1662 procreatio
827 1565 908 1638 eius
926 1565 1032 1639 liberi
1058 1577 1316 1662 permaneant,
1325 1599 1347 1643 r·
1362 1583 1415 1634 ru.

158 1678 196 1740 et
214 1668 283 1740 sub
303 1667 478 1739 tuacione
498 1667 685 1740 ecclesiae
706 1665 924 1761 consistant,
943 1666 1003 1739 vel
1024 1692 1175 1740 omnem
1195 1667 1317 1740 reddi-

156 1779 236 1841 tum
269 1779 391 1842 status
429 1779 494 1840 aut
526 1766 722 1841 servitium
756 1767 933 1841 tabularii
962 1792 1093 1841 eorum
1128 1769 1316 1842 ecclesiae

156 1869 326 1942 reddant.
355 1871 401 1942 Et
418 1869 543 1942 nullus
560 1867 789 1942 tabularium
810 1868 892 1964 [aut
910 1893 1062 1942 servum
1087 1867 1317 1966 tabularii**]

157 1969 345 2044 dinariare
391 1982 477 2043 ante
519 1995 612 2067 rege
653 1981 885 2068 praesumat.
953 1970 1060 2058 Quod
1104 1971 1135 2044 si
1170 1971 1317 2065 fecerit,

158 2071 397 2146 200s01id0s
423 2071 621 2168 culpabilis
645 2070 843 2165 iudicetur,
873 2081 911 2144 et
935 2071 1208 2144 nihilhominus
1235 2070 1317 2168 ipse

157 2171 365 2245 tabularius
401 2183 439 2245 et
465 2171 676 2270 procreatio
712 2171 793 2245 eius
821 2171 997 2244 tabularii
1025 2171 1251 2268 persistant,
1281 2182 1319 2244 et

158 2272 281 2345 omnis
306 2274 448 2345 reditus
472 2281 592 2344 status
620 2272 665 2344 ad
695 2272 860 2345 ecclesia
891 2274 1042 2366 reddat,
1078 2283 1115 2345 et
1149 2297 1223 2344 non
1251 2272 1317 2344 ali·

158 2373 219 2444 ubi
252 2398 365 2471 quam
400 2373 444 2445 ad
479 2372 701 2468 ecclesiam,
734 2373 795 2445 ubi
830 2371 987 2445 relaxati
1022 2384 1127 2467 sunt,
1160 2373 1316 2446 mallum

155 2484 320 2548 teneant.

253 2572 278 2655 *l
303 2592 372 2634 eum
397 2586 471 2639 deest
490 2574 518 2638 4.
542 2573 571 2636 8.
597 2574 645 2638 10.
672 2575 719 2638 11.

238 2657 278 2741 *Ἴ
307 2667 391 2723 Verba
411 2663 464 2717 aut
486 2676 613 2717 servum
637 2656 780 2718 tabularii
803 2671 905 2722 aarum
925 2657 954 2720 4,
978 2658 1008 2720 9,

165 2791 236 2798 ---
690 2791 979 2797 ——.—-—.....

644 2906 667 2959 r
685 2905 788 2960 conr.
807 2887 850 2958 B.

700 3021 766 3082 Lx.

580 3124 632 3184 De
659 3122 895 3185 tabulariis.

263 3212 288 3272 l.
317 3209 386 3269 lloc
401 3208 494 3270 etiam
511 3208 663 3280 iubemus,
686 3216 728 3280 ut,
748 3207 983 3289 qualiscumque
998 3209 1135 3271 Francus
1152 3210 1315 3272 Ribuarius

154 3311 210 3356 scu
232 3293 405 3355 tabularius
429 3312 552 3355 servum
577 3312 667 3354 suum
691 3311 748 3373 pro
772 3291 896 3354 animae
919 3311 995 3354 suae
1014 3294 1154 3354 remedio
1178 3314 1232 3357 scu
1256 3314 1315 3375 pro

154 3378 255 3457 pretio
290 3379 460 3439 secundum
495 3377 596 3457 legem
631 3378 805 3438 Romanam
843 3376 992 3438 libertare
1027 3379 1176 3449 voluerit,
1217 3386 1252 3439 ut
1284 3380 1314 3439 in

154 3461 286 3523 ccclesia
302 3482 410 3524 coram
429 3461 641 3542 praesbiteris,
658 3461 851 3534 diaconibus,
867 3481 920 3523 seu
938 3469 1049 3523 cuncto
1066 3463 1151 3524 clero
1168 3468 1198 3522 et
1214 3461 1314 3542 plebe,

153 3545 184 3606 in
206 3564 299 3606 manu
321 3545 459 3626 episcopi
477 3566 601 3608 serrum
618 3565 687 3606 cum
704 3546 820 3607 tabulis
836 3547 952 3617 tradat,
974 3552 1006 3606 et
1020 3546 1187 3627 episcopus
1207 3545 1315 3607 archi-

153 3629 321 3691 diaconum
351 3630 472 3704 iubeat,
508 3637 538 3691 ut
567 3631 594 3690 ei
628 3629 751 3691 tabulas
781 3629 952 3692 secuudum
981 3630 1099 3710 *legem
1128 3631 1436 3709 Romanamque,

153 3731 215 3794 qua
244 3713 375 3774 ecclesia
403 3713 493 3788 vivit,
524 3714 662 3776 scribere
691 3712 804 3787 faciat3
836 3721 867 3774 et
896 3722 959 3774 tam
991 3713 1059 3793 ipse
1087 3732 1181 3793 quam
1212 3715 1314 3777 omnis

153 3796 334 3878 procreatio
351 3797 416 3857 cius
431 3796 521 3858 liberi
537 3805 753 3878 permaneant,
775 3807 806 3858 et
827 3799 883 3858 sub
909 3796 1038 3858 tuitione
1061 3797 1213 3859 ecclcsiae
1235 3817 1314 3859 con-

153 3881 274 3954 sistant,
304 3881 353 3941 vel
375 3899 469 3941 omne
491 3882 623 3942 reditum
648 3889 747 3943 status
771 3887 824 3942 aut
847 3881 1008 3943 servitium
1031 3881 1176 3943 tabularii
1205 3901 1312 3944 eorum

153 3964 305 4027 ecclesiae
334 3966 479 4026 reddant.
523 3966 562 4025 Et
591 3964 693 4027 nullus
722 3964 897 4027 tabularius
928 3964 1081 4026 dinarium
1111 3975 1184 4028 ante
1207 3985 1316 4047 regem

153 4058 336 4129 praesumat
356 4050 484 4110 iactare.
523 4048 614 4120 Quod
638 4051 664 4111 si
687 4048 804 4121 lecerit,
827 4052 889 4114 200
912 4048 1019 4111 solidis
1043 4050 1204 4131 culpabilis
1227 4051 1310 4111 iudi-

152 4139 250 4204 catur,
274 4144 305 4195 et
327 4133 551 4195 nihilhominus
573 4133 641 4213 ipsc
656 4134 829 4195 tabularius
845 4140 877 4194 et
892 4134 1069 4214 procreatio
1086 4135 1151 4196 eius
1169 4133 1317 4196 tabularii

152 4219 332 4296 persistant,
355 4225 387 4280 et
409 4217 510 4280 omnis
533 4217 651 4278 reditus
674 4225 774 4279 status
797 4236 905 4279 eorum
923 4217 962 4279 ad
981 4218 1144 4280 ecclesiam
1161 4217 1313 4294 reddaut3

152 4309 183 4362 et
206 4320 269 4364 nou
285 4303 380 4366 aliubi
396 4303 453 4365 nisi
470 4302 508 4365 ad
526 4300 701 4376 ecclesiam,
719 4301 772 4363 ubi
787 4302 919 4365 relaxati
934 4310 1017 4376 sunt,
1033 4303 1160 4365 mallum
1177 4310 1317 4364 teneant.
