2956 4944
519 349 596 407 LEX
617 349 804 407 lllllllAlllA.

558 544 702 600 acono.
722 528 761 601 A.

78 667 283 780 ingenuam
319 665 534 739 Ribuariam
568 663 779 763 acciperem
814 675 879 737 aut
905 665 935 738 si
970 666 1139 740 Romana
1176 667 1237 740 vel

77 767 184 867 regia
218 792 285 841 seu
322 765 551 840 tabularia
540 789 749 880 ingenuum
785 764 1045 839 Ribuarium
1036 792 1073 839 m
1109 767 1239 841 matri·

77 868 249 942 monium
282 868 494 966 acciperet,
526 866 724 967 generatio
757 891 890 940 eorum
922 890 1075 966 semper
1105 867 1192 940 ad
1183 893 1239 940 m·

78 969 218 1043 feriora
237 969 483 1042 declinentur

181 1074 237 1144 12.
279 1069 448 1157 Quod
417 1094 449 1144 sr
478 1069 564 1169 quis
588 1068 782 1142 hominem
803 1068 953 1167 regium
973 1068 1225 1142 tabularium*
1226 1125 1237 1163 ,

77 1182 155 1245 tam
179 1172 359 1244 baronem
385 1195 500 1269 quam
533 1169 739 1263 feminam,
776 1169 822 1242 de
850 1171 1109 1243 mundeburde
1135 1170 1240 1269 regis

77 1271 286 1366 abstulerit,
306 1273 356 1346 60
374 1271 515 1344 solidos
536 1269 734 1366 culpabilis
753 1269 949 1344 iudicetur.

182 1379 207 1459 *l
232 1376 420 1440 tabularium
443 1387 561 1442 decoll.

183 1468 238 1538 13.
267 1462 451 1537 Similiter
470 1473 508 1534 et
526 1460 595 1557 illi,
615 1461 678 1560 qui
694 1461 921 1535 tabulariam
935 1462 995 1535 vel
1011 1462 1239 1538 ecclesiasti·

79 1587 163 1637 cam
188 1563 368 1637 feminam
393 1587 461 1637 seu
484 1564 667 1637 baronem
692 1564 739 1637 de
763 1564 1021 1637 mundeburde
1049 1563 1238 1638 ecclesiae

78 1665 292 1760 abstulerit,
325 1667 375 1739 60
401 1663 545 1738 solidos
578 1663 779 1762 culpabilis
815 1663 1021 1762 iudicetur,
1062 1676 1100 1739 et
1126 1665 1237 1738 nihil-

76 1765 254 1841 hominus
291 1765 486 1865 generatio
515 1789 646 1839 eorum
675 1767 721 1839 ad
750 1767 1007 1840 mundeburde
1040 1767 1143 1867 regis
1167 1792 1235 1842 seu

77 1867 263 1942 ecelesiae
279 1877 503 1941 revertatur.

181 1975 237 2042 11.
274 1967 315 2040 81
335 1980 463 2041 autem
482 1967 685 2041 Ribuarius
704 1967 881 2041 ancillam
900 1967 1003 2064 regis
1028 1990 1095 2041 seu
1116 1969 1238 2042 eccle·

76 2068 272 2143 siasticam
301 2069 360 2141 vel
386 2068 563 2141 ancillam
588 2068 764 2141 tabularii
799 2067 870 2141 sibi
902 2068 1125 2164 sociaverit,
1161 2093 1237 2142 non

76 2170 171 2268 ipse,
190 2171 255 2242 sed
275 2168 488 2267 procreatio
509 2168 590 2242 eius
609 2171 759 2242 serviat.

181 2274 238 2346 15
264 2269 305 2344 Si
330 2280 459 2342 autem
476 2268 678 2342 llibuarius
704 2267 880 2341 ancillam
901 2267 1105 2342 Ribuarii
1096 2293 1134 2340 m
1159 2292 1237 2342 ma-

75 2370 252 2445 trimonio
278 2369 479 2467 acceperit,
508 2369 579 2467 ipsi
600 2394 685 2443 oum
706 2393 749 2442 ca
769 2369 806 2441 in
825 2368 981 2444 servitio
1007 2381 1237 2468 perseveret.

180 2472 236 2544 16.
270 2470 457 2546 Similiter
477 2479 515 2545 et
533 2471 599 2567 [si]
619 2469 796 2544 Ribuaria
813 2470 888 2544 hoc
913 2471 1059 2567 fecerit,
1087 2471 1170 2570 ipsa
1199 2482 1237 2545 11

75 2572 268 2673 generatio
289 2572 371 2647 eius
391 2571 429 2644 in
449 2571 612 2648 servicio
631 2583 888 2669 perseverent.

984 2732 1239 2739 -.--.-..-.

548 2836 691 2890 11111
711 2818 754 2890 Β.

74 2953 254 3014 llibuariam
277 2951 441 3033 acciperit;
465 2952 566 3014 11111
589 2954 731 3013 Romana
755 2952 805 3013 vel
809 2953 911 3050 regia
934 2971 989 3014 seu
1011 2951 1191 3016 tabularia
1182 2973 1237 3014 m-

74 3055 209 3118 genuum
231 3035 450 3098 Ribuarium
441 3056 473 3097 rn
496 3037 729 3097 matrimonium
753 3036 910 3118 acciperit,
939 3035 1101 3119 generatio
1125 3055 1236 3099 eorum

74 3138 200 3202 semper
223 3121 264 3181 ad
287 3120 436 3182 inferiora
460 3120 643 3183 declinetur.

181 3208 230 3272 12.
259 3203 352 3280 Quod
375 3205 402 3266 si
424 3206 493 3286 quis
515 3204 676 3267 hominem
691 3204 809 3286 regium
832 3204 1032 3279 tabularium,
1054 3214 1118 3266 tam
1134 3206 1236 3266 baro-

73 3308 146 3350 nem
169 3308 264 3370 quam
287 3289 446 3362 feminam,
470 3291 510 3350 de
532 3289 739 3351 mundiburde
761 3289 844 3373 regis
868 3289 1041 3362 abstulerit,
1063 3292 1103 3355 60
1127 3289 1237 3352 solidis

74 3373 237 3454 culpabilis
258 3373 422 3436 iudicetur.

182 3460 229 3524 13.
253 3458 400 3520 Similiter
416 3465 447 3520 et
461 3458 523 3532 ille,
539 3458 592 3539 qui
608 3457 795 3520 tabularium
812 3459 860 3519 vel
882 3457 1125 3521 ecclesiasticam
1140 3456 1237 3518 lemi-

74 3558 147 3602 nam
165 3560 220 3602 seu
235 3544 387 3603 baronem
411 3544 450 3605 de
473 3544 690 3605 mundeburde
707 3541 859 3605 ecclesiae
875 3541 1047 3614 abstulerit,
1069 3544 1111 3608 60
1126 3540 1236 3603 solidis

74 3624 239 3705 culpabilis
261 3625 424 3701 iudicetur,
447 3634 479 3688 11
501 3626 724 3689 nihilhominus
740 3625 902 3708 generatio
918 3644 1027 3687 eorum
1043 3625 1082 3687 ad
1100 3626 1237 3686 munde-

75 3709 207 3770 burdem
231 3709 315 3789 regis
338 3729 393 3770 seu
417 3711 569 3774 ecclesiae
592 3718 780 3772 revertatur.

185 3794 231 3858 ¹4.
270 3793 300 3854 Si
324 3802 428 3856 autem
452 3795 617 3856 Ribuarius
641 3794 784 3855 ancillam
809 3793 891 3876 regis
914 3812 970 3855 seu
992 3793 1235 3856 ecclesiasticam

75 3877 122 3938 vel
145 3876 290 3938 ancillam
313 3878 498 3940 tabulariam
520 3879 578 3940 sibi
598 3877 774 3949 sociaverit,
797 3897 860 3938 nou
875 3879 954 3958 ipse,
976 3878 1032 3939 sed
1057 3880 1235 3958 procreatio

75 3961 141 4023 eius
164 3962 292 4024 serviat.

182 4051 230 4112 15.
273 4046 303 4108 81
332 4056 434 4108 autem
459 4046 622 4109 Ribuarius
649 4046 793 4108 ancillam
816 4045 953 4107 Ribuarii
979 4045 1010 4107 in
1034 4044 1236 4112 matrimonio

75 4128 234 4211 acciperit,
255 4130 324 4210 ipse
348 4150 417 4192 cum
441 4149 479 4193 ea
501 4131 532 4191 in
557 4130 685 4193 servitio
706 4135 900 4210 perseveret.

182 4217 230 4280 16.
267 4215 414 4277 Similiter
437 4223 468 4278 et
490 4216 515 4278 si
539 4214 686 4276 Ribuaria
707 4213 770 4275 hoc
791 4213 910 4287 lecerit,
931 4212 1001 4295 ipsa
1023 4221 1055 4276 et
1072 4211 1236 4294 generatio

75 4296 141 4360 eius
162 4296 195 4357 iu
217 4300 345 4362 servitio
369 4307 583 4380 perseverent.

966 4411 1002 4463 6.
