2956 4944
596 336 674 392 LEX
693 333 881 394 distante.
1289 339 1324 394 95

643 532 667 586 r
685 531 788 586 cerr.
806 514 846 588 Α.

265 653 300 726 2.
344 650 385 724 Si
406 661 532 725 autem
551 652 660 750 plura
681 675 769 726 ossa
790 651 961 748 exierint,
984 675 1051 749 pre
1075 675 1322 749 unumquem-
1335 661 1418 718 atie

164 777 237 850 que
256 762 415 826 sonante
433 752 575 826 selidus
594 754 762 826 addatur.

266 856 299 928 3.
337 852 446 941 Quod
468 853 500 927 si
521 853 643 928 factor
661 853 871 954 negaverit,
890 853 989 952 qued
1009 853 1095 927 talis
1115 852 1228 953 plaga
1246 878 1321 927 non

163 953 288 1050 fuerit,
314 952 351 1025 in
371 966 552 1052 quantum
572 955 767 1030 confessus
786 955 921 1049 fuerit,
948 953 1087 1051 solvat,
1114 964 1152 1028 et
1170 955 1215 1028 de
1234 954 1321 1028 reii-

164 1079 237 1154 que
268 1079 353 1128 curn
380 1058 403 1129 6
423 1055 530 1130 iuret.
566 1057 642 1129 Aut
660 1055 692 1131 si
711 1081 787 1130 non
806 1053 980 1152 dixerit*,
1008 1066 1083 1129 tarn
1109 1055 1189 1153 ipse
1209 1080 1320 1154 quarn

163 1154 421 1231 coniuratores
438 1156 514 1253 sui,
540 1157 603 1255 qui
624 1156 749 1231 iurare
769 1155 981 1255 coeperint,
1007 1180 1092 1230 curn
1115 1159 1160 1231 15
1179 1155 1322 1231 solidos

162 1257 375 1332 restituant.

259 1355 284 1439 *)
308 1354 457 1416 direxerit
478 1356 507 1419 4.
529 1356 651 1430 8-11;
674 1353 788 1417 direxit
810 1360 847 1431 53
871 1356 1001 1416 verbum
1023 1367 1126 1421 addunt
1142 1356 1257 1423 8-10.

264 1447 297 1514 t.
343 1439 452 1528 Quod
484 1440 517 1514 si
547 1439 630 1539 quis
658 1442 802 1540 absque
839 1439 1027 1514 effusione
1055 1441 1251 1539 sanguinis
1282 1441 1319 1513 in

164 1563 402 1640 quacumque
432 1541 525 1615 iibet
556 1543 725 1615 membre
764 1565 848 1616 osse
884 1540 1060 1641 fregerit,
1101 1540 1156 1614 bis
1183 1565 1320 1616 novem

162 1640 306 1716 solides
340 1641 539 1741 culpabilis
572 1642 778 1739 iudicetur,
811 1652 876 1716 aut
907 1665 991 1716 curn
1021 1645 1044 1717 6
1071 1640 1188 1739 iuret,
1220 1644 1319 1740 quod

162 1766 269 1816 ossus
286 1743 428 1817 fractus
448 1768 521 1817 non
540 1743 689 1840 fuisset,
716 1755 754 1818 et
776 1754 865 1818 tunc
886 1768 957 1817 uno
978 1741 1099 1818 solide
1120 1754 1319 1842 conponat.

262 1848 295 1920 5.
342 1844 451 1933 Qued
480 1845 512 1920 si
541 1844 625 1944 quis
654 1847 794 1945 absque
821 1843 1018 1919 effusionis
1037 1844 1235 1945 sanguinis
1254 1845 1319 1918 alii

161 1945 370 2042 brachium,
394 1949 543 2044 pedem,
570 1946 693 2043 oculo,
713 1947 897 2041 auditum,
917 1956 1123 2043 rnucaturn,
1143 1946 1319 2044 digitum,

159 2045 222 2118 vel
250 2070 488 2146 quacumque
522 2046 606 2120 iibit
642 2049 812 2121 membro
849 2046 1103 2143 mancaverit,
1135 2046 1191 2121 sic
1232 2071 1318 2121 eurn

161 2157 363 2243 conponat,
381 2148 453 2221 hac
472 2147 528 2222 sic
547 2171 633 2220 cunr
652 2147 779 2246 gladio
800 2147 926 2245 ipsum
945 2146 1178 2220 dibilitasset.

265 2389 295 2456 t.
342 2383 383 2457 Si
404 2384 487 2483 quis
506 2385 621 2458 homo
648 2284 919 2485 relgilibiidelis
947 2384 1152 2480 exsteterit,
1176 2384 1318 2459 devita

160 2496 363 2584 conponat,
382 2497 420 2560 et
439 2510 572 2562 ernnes
591 2511 653 2561 res
671 2511 758 2561 suas
777 2485 869 2561 fisce
889 2497 1128 2561 censeantur.

644 2736 667 2790 r
686 2735 789 2790 cern.
809 2718 852 2790 B.

263 2853 293 2914 2.
331 2851 362 2913 st
390 2856 494 2912 eutem
524 2851 616 2930 ptura
646 2870 720 2915 esse
742 2851 882 2925 exierint,
913 2870 973 2932 pro
999 2870 1191 2933 unoquoque
1225 2863 1413 2922 esser-tte

158 2941 290 2997 tenente
312 2935 432 2995 solidus
454 2935 600 2997 addatur.

262 3020 292 3084 3.
329 3017 421 3090 Quod
445 3017 471 3079 si
493 3017 610 3080 tectum
632 3018 802 3100 negaverit,
825 3018 909 3099 quod
933 3017 1003 3080 talis
1026 3018 1117 3101 plaga
1134 3038 1199 3081 nen
1214 3017 1317 3093 suerit,

155 3100 187 3161 in
210 3107 361 3182 quantum
385 3101 548 3164 confessus
570 3102 672 3176 tuerit,
695 3103 808 3175 solvat,
831 3111 862 3163 et
885 3104 925 3164 de
946 3102 1070 3183 relique
1093 3122 1162 3165 curu
1185 3108 1204 3168 6
1227 3103 1316 3167 iuret.

156 3185 217 3247 Aut
239 3185 265 3247 si
288 3206 349 3247 nen
379 3185 577 3248 direxerit
600 3189 771 3260 verbum,
799 3192 863 3248 tarn
891 3186 959 3268 ipse
982 3205 1076 3268 quam
1100 3186 1316 3251 coniuratores

155 3269 213 3342 sui,
236 3270 290 3351 qui
312 3270 415 3332 iurare
437 3271 608 3352 coeperint,
632 3291 700 3333 curn
725 3274 764 3338 15
786 3271 895 3335 solidis
917 3271 1091 3335 restituent.

260 3357 290 3420 4.
327 3354 419 3430 Quod
451 3355 476 3417 si
507 3355 576 3437 quis
599 3357 720 3436 absque
742 3356 895 3419 effusione
917 3355 1076 3438 sanguinis
1105 3356 1136 3418 in
1159 3375 1317 3438 quocum-

156 3455 216 3517 que
245 3437 321 3502 libet
351 3441 494 3501 membre
525 3460 562 3503 es
589 3440 734 3522 fregerit,
765 3442 804 3508 18
834 3439 943 3509 solidis
966 3440 1129 3521 culpabitis
1151 3439 1316 3513 iudicetur,

155 3527 208 3582 aut
231 3541 300 3584 curn
316 3525 336 3588 6
351 3522 439 3597 iuret,
462 3525 546 3605 qued
571 3543 607 3587 os
629 3524 760 3587 fractum
783 3544 846 3587 nen
862 3526 981 3599 suisset,
1004 3535 1035 3587 et
1056 3533 1130 3587 tunc
1148 3528 1160 3590 1
1180 3523 1314 3585 solidum

154 3613 322 3685 conponat.

260 3696 288 3755 5.
320 3688 412 3764 Quod
436 3692 461 3752 si
485 3692 553 3772 quis
577 3694 696 3774 ebsque
720 3694 872 3757 effusione
886 3691 1047 3775 sanguinis
1063 3691 1158 3754 atium
1175 3690 1315 3767 brachie,

153 3772 246 3853 pede,
270 3774 371 3848 ceute,
394 3776 511 3847 auditu,
534 3784 686 3850 mercatu,
709 3778 815 3860 digito,
838 3777 886 3839 vel
909 3795 1107 3858 quecumque
1122 3776 1197 3838 tibet
1213 3793 1315 3837 mem-

152 3858 210 3918 bro
243 3857 444 3930 maucaverit,
473 3859 519 3922 sic
549 3879 619 3922 eum
650 3870 824 3942 conponat,
855 3880 893 3923 ac
920 3861 947 3924 si
978 3880 1046 3922 cum
1077 3860 1182 3943 gladie
1211 3860 1313 3941 ipsum

154 3940 358 4005 debilitasset.

371 4110 424 4172 De
447 4129 511 4184 eo,
534 4110 602 4192 qui
624 4112 707 4196 regi
730 4110 913 4176 infidelis
937 4112 1088 4177 extitit.

260 4217 286 4279 1.
325 4213 355 4274 Si
389 4213 458 4294 quis
491 4214 589 4276 herne
623 4214 687 4297 regi
720 4213 856 4276 infidelis
886 4214 1040 4289 extiterit,
1070 4217 1110 4278 de
1137 4214 1201 4278 vita
1231 4233 1312 4276 cen-

151 4303 260 4375 penet,
283 4305 314 4359 et
335 4316 446 4361 omnes
469 4317 520 4363 res
543 4298 610 4361 eius
633 4296 711 4361 fisce
733 4306 930 4363 censeantur.
