2956 4944
589 339 667 394 LEX
686 338 872 396 ultionum.

629 532 653 587 a
672 532 773 588 0000.
792 516 831 589 Α.

253 655 287 728 2.
321 651 361 728 Si
393 664 503 750 pater
534 651 566 726 si
594 662 788 750 materque
816 678 890 725 nou
919 653 1082 750 fuerint,
1115 652 1213 728 inter
1239 655 1312 728 fra·

152 766 210 828 ter
228 765 265 828 et
283 753 415 828 soror*
433 752 639 827 succidant.

256 853 281 937 *)
305 868 322 918 t.
344 878 367 920 e.
386 852 485 913 frater
507 858 538 913 et
561 869 655 913 soror
676 849 801 912 insimul
820 869 867 917 aut
884 851 983 912 irater
1006 872 1075 913 cum
1098 871 1221 915 sorore.

254 962 287 1031 3.
328 956 394 1031 Sin
425 967 554 1029 autem
587 978 658 1028 nec
692 979 758 1029 eos
783 955 1002 1051 habuerint,
1038 981 1146 1032 soror
1177 958 1310 1032 matris

151 1058 344 1156 patrisque
376 1058 591 1132 succedant.
655 1055 845 1155 Deinceps
878 1082 998 1154 usque
1031 1057 1162 1156 quinto
1196 1075 1411 1160 genu-aus.

152 1160 224 1256 clo,
243 1160 305 1256 qui
325 1158 519 1257 proximus
538 1159 676 1251 fuerat,
695 1155 732 1228 in
751 1157 1003 1231 hereditatem
1020 1161 1209 1233 succedat.

252 1263 286 1332 4.
313 1259 386 1333 Sed
403 1282 489 1331 cum
502 1258 633 1331 viriles
649 1280 762 1330 sexus
778 1257 973 1354 extederit,
995 1259 1136 1333 femina
1151 1260 1188 1333 in
1202 1261 1312 1335 here·

153 1360 271 1434 ditate
290 1359 452 1432 aviatica
470 1383 544 1431 non
565 1359 744 1431 succedat
753 1355 779 1429 *.

253 1467 278 1538 *t
300 1468 395 1522 Titulus
410 1455 639 1539 0041141404)
655 1485 672 1518 0
689 1472 834 1534 praeeunte
847 1467 920 1520 tituto
941 1455 1031 1539 (Lvll
1049 1472 1076 1522 40
1089 1458 1116 1542 4)
1135 1485 1184 1536 per
1201 1473 1313 1538 spatium

299 1556 410 1595 vacuum
428 1545 505 1595 00400
525 1547 551 1596 04
569 1542 693 1595 dimidiae
710 1544 825 1608 popinae
837 1542 864 1592 40
878 1540 1000 1596 0044004
1014 1544 1178 1612 4040004400,
1199 1548 1228 1596 ut
1239 1545 1320 1599 iocus.

300 1624 378 1677 detur
396 1623 498 1678 duatus
516 1627 598 1679 444040
618 1614 663 1673 De
679 1628 778 1672 aroen
799 1626 825 1676 et
843 1610 888 1670 De
900 1612 1096 1674 testamentis
1108 1631 1216 1694 regam
1236 1629 1314 1680 tme-

299 1706 399 1775 000440,
419 1721 485 1774 quoa
502 1707 551 1760 sud
570 1709 687 1760 numeru
706 1692 810 1756 LVlll·
825 1693 932 1756 LVflll
951 1710 1035 1762 40400
1054 1707 1184 1762 00440404
1202 1722 1314 1762 000000-

300 1782 370 1833 00044
388 1777 454 1846 (cfr.
472 1777 608 1847 praefatio
627 1784 720 1833 000400
739 1782 764 1846 §.
778 1778 821 1845 5).
859 1779 945 1834 Etiam
965 1783 1042 1837 0044.
1055 1780 1114 1835 Ab.
1129 1780 1163 1834 10
1181 1785 1210 1835 40
1227 1783 1314 1834 404400

300 1852 367 1905 duas
386 1854 446 1906 44400
469 1853 591 1906 rudricus
616 1855 725 1907 4004004
750 1852 817 1921 (cfr.
834 1869 916 1922 supra
939 1872 966 1922 p.
983 1853 1052 1924 207,
1076 1859 1130 1910 004.
1144 1856 1191 1921 b),
1214 1855 1264 1909 004
1285 1857 1314 1907 40

300 1929 375 1979 40040
393 1927 458 1994 teqis
477 1928 574 1982 auitum
592 1929 704 1994 spatium
723 1940 834 1980 vacuum
851 1928 1021 1997 reliquerunt.

680 2053 784 2126 LVII.

258 2159 290 2226 1.
330 2153 370 2227 si
397 2153 481 2251 quis
508 2153 684 2226 libertum
708 2177 819 2226 suum
843 2179 912 2251 per
938 2179 1092 2228 manum
1119 2155 1313 2252 propriam

154 2278 221 2327 seu
245 2278 315 2351 per
337 2254 501 2327 alienam
523 2252 560 2324 in
585 2255 801 2352 praesentia
825 2255 928 2353 regis
952 2258 1161 2329 secundum
1185 2256 1312 2354 legem

1080 2424 1312 2431 —-.-.—.-—

625 2536 649 2590 a
667 2535 770 2591 0000.
790 2519 832 2590 B.

259 2657 288 2718 2.
309 2654 339 2715 Si
355 2663 445 2736 pater
462 2663 626 2736 materque
641 2673 705 2715 uon
721 2654 847 2728 fuerint,
863 2655 961 2716 frater
976 2663 1007 2716 et
1022 2674 1115 2718 soror
1131 2656 1312 2718 succedant.

258 2742 288 2805 3.
322 2738 374 2801 Sin
400 2747 502 2800 autem
526 2759 585 2800 nee
607 2758 664 2801 eos
679 2738 835 2810 habuerit,
856 2738 943 2800 *tuuc
959 2758 1052 2801 soror
1068 2740 1176 2802 matris
1191 2739 1365 2819 patris-⁴9.
1380 2759 1429 2810 241.

154 2842 215 2904 que
247 2824 428 2885 succedant.
475 2823 512 2883 Et
545 2822 692 2902 deinceps
726 2841 826 2902 usque
855 2822 995 2902 quintum
1022 2824 1227 2904 genuculum,
1260 2823 1313 2904 qui

154 2906 316 2988 proximus
340 2907 443 2980 inerit,
464 2905 495 2965 in
518 2904 727 2967 hereditatem
750 2907 908 2968 succedat.

260 2993 289 3054 4.
327 2990 387 3052 Sed
412 2989 485 3050 dum
509 2989 604 3052 virilis
626 3008 719 3050 sexus
742 2988 888 3061 extiterit,
909 2989 1027 3051 femina
1049 2989 1080 3051 in
1104 2989 1313 3050 hereditatem

154 3074 318 3136 asiaticum
342 3093 405 3134 uon
428 3072 611 3135 succedat*

256 3159 281 3231 ⁴⁸)
302 3160 351 3214 1140
374 3162 432 3213 cod.
453 3158 465 3211 1
491 3163 603 3228 epatium
622 3162 700 3212 00400
719 3165 745 3213 04
764 3159 888 3212 dimidiae
905 3162 1019 3229 popinae
1037 3158 1181 3227 (inlatio)
1203 3173 1314 3213 vacuum

300 3237 413 3304 reliquit,
439 3235 571 3286 attacum
590 3233 667 3286 40004
685 3233 786 3286 duodus
803 3233 885 3286 4440440
904 3234 1062 3302 inserendis,
1083 3248 1148 3302 quoa
1166 3235 1249 3287 40400
1266 3233 1315 3286 400

301 3317 359 3370 4000
383 3316 474 3369 tutet:
497 3303 578 3367 LIX.
602 3305 648 3364 De
670 3321 796 3365 aroene.
819 3303 885 3368 LX.
907 3305 953 3365 De
975 3303 1170 3368 testamentis
1192 3323 1316 3386 regum3

299 3392 349 3443 004
373 3391 441 3443 444044
457 3393 511 3458 ipsi
527 3392 628 3458 400004,
658 3396 684 3443 04
701 3405 735 3444 00
753 3405 877 3443 nummus
895 3392 998 3460 quidem
1018 3406 1108 3446 eorum
1126 3395 1248 3443 00000400
1266 3393 1315 3444 est.

302 3461 389 3517 Ceteri
413 3465 520 3517 0044000
538 3465 561 3514 B
579 3465 677 3517 nattum
695 3469 808 3531 spatium
836 3479 945 3518 0000400
967 3466 1137 3535 reliquerunt,
1161 3478 1316 3532 quamquam

302 3536 484 3590 0044004144.
507 3535 537 3588 11
565 3540 593 3591 40
618 3538 705 3590 404400
730 3539 797 3591 duas
821 3538 883 3591 41400
907 3537 1030 3592 rubricas
1055 3537 1089 3589 40
1115 3551 1216 3588 000000
1237 3540 1264 3590 04
1281 3537 1315 3590 40

301 3610 468 3663 testamentis
493 3626 589 3679 regum
617 3608 747 3677 raserunt.
792 3611 877 3663 Habet
901 3615 988 3664 tumen
1014 3608 1170 3663 00400144
1191 3612 1219 3663 40
1245 3625 1316 3663 000-

302 3688 376 3735 40040
400 3688 462 3750 post
487 3685 588 3737 titutum
617 3683 650 3736 40
678 3682 801 3735 alodibus
828 3685 945 3750 atessam
974 3685 1160 3750 marpiuutem:
1189 3682 1216 3734 40
1242 3681 1315 3736 hunc

301 3753 390 3806 iocum
411 3764 474 3810 sunt
493 3757 548 3809 duo
565 3756 676 3827 capituli
691 3755 790 3818 minus,
810 3757 837 3808 id
851 3764 891 3808 est
905 3756 940 3807 de
952 3772 1053 3809 aroene
1073 3763 1100 3809 04
1116 3755 1150 3808 40
1163 3763 1316 3810 400400100-

301 3828 335 3879 440
361 3828 443 3896 regis.
484 3829 514 3881 40
541 3831 649 3899 reliquis
676 3830 850 3882 00440440οΒ
876 3830 945 3882 4000
966 3829 1028 3882 44400
1045 3830 1171 3883 rubricae
1189 3835 1269 3884 etiam
1287 3833 1315 3883 40

301 3901 389 3954 404400
409 3902 511 3956 desunt.

694 4026 773 4090 tlx.

264 4128 317 4191 De
339 4128 501 4191 libertis
524 4148 543 4190 a
567 4129 723 4190 domino
746 4137 834 4192 ante
855 4148 984 4211 regem
1008 4129 1201 4194 dimissis.

261 4217 289 4280 t.
319 4213 349 4276 Si
376 4213 446 4295 quis
476 4212 621 4275 libertum
649 4233 738 4274 suum
762 4234 820 4294 per
843 4233 969 4277 manum
993 4215 1157 4296 propriam
1180 4233 1235 4276 seu
1258 4233 1315 4294 per

155 4295 288 4359 alienam
303 4297 336 4359 in
352 4297 532 4378 praesentia
546 4297 629 4381 regis
645 4299 815 4360 secundum
831 4299 932 4381 legem
948 4299 1130 4362 Ribuariam
1145 4299 1313 4380 ingenuum
