2956 4944
232 284 287 339 106
670 281 747 339 LEX
766 281 954 341 aleonum.

707 476 731 530 a
749 475 851 531 cono.
870 457 910 531 Α.

230 622 392 696 cumque
412 596 505 671 libet
522 594 659 669 animal
681 606 786 670 extra
805 593 1005 670 consilium
1025 595 1169 669 domini
1186 594 1244 670 sui
1261 618 1392 669 excor-

228 698 415 794 ticaverit,
435 701 485 772 30
504 695 647 773 solidos
668 695 866 794 culpabilis
886 696 1084 771 iudicetur.

330 820 365 892 2.
403 815 442 889 Si
463 826 590 890 autem
605 815 815 916 negaverit,
835 826 872 889 et
889 814 1083 890 convictus
1098 813 1225 911 fuerit,
1248 817 1320 889 100
1333 837 1393 888 so·

229 919 326 994 lidos
347 942 432 992 cum
451 917 614 1016 capitale
633 927 671 990 et
689 916 860 991 delatura
879 915 1071 990 muitetur.

709 1071 909 1146 LXXXVII.

331 1191 372 1265 Si
399 1191 482 1290 quis
508 1191 722 1287 hominem,
757 1190 820 1289 qui
846 1189 1082 1264 forbannitus
1110 1199 1186 1285 est,
1213 1187 1250 1260 in
1275 1190 1390 1262 domo

229 1292 398 1389 recipere
424 1293 745 1392 praesumpserit,
773 1292 803 1365 si
828 1290 1029 1365 Ribuarius
1054 1301 1131 1386 est,
1159 1291 1208 1365 60
1233 1287 1391 1385 solidos,

230 1393 262 1468 si
281 1393 425 1492 regius,
443 1393 648 1491 Romanus,
677 1393 740 1468 vel
759 1391 1058 1488 ecclesiasticus,
1078 1394 1127 1467 30
1146 1390 1291 1465 solidos
1312 1389 1392 1464 cui·

229 1493 367 1594 pabilis
388 1494 586 1569 iudicetur.

699 1611 918 1688 LXXXVIII.

329 1732 411 1806 Hoc
437 1743 563 1807 autem
591 1755 776 1806 consensu
806 1741 844 1806 et
866 1730 1027 1806 consilio
1046 1755 1114 1804 seu
1141 1738 1297 1828 paterna
1315 1739 1393 1802 tra-

229 1832 378 1908 dicione
417 1844 455 1906 et
491 1831 590 1933 legis
627 1831 940 1907 consuetudinem
981 1855 1097 1930 super
1128 1829 1254 1904 omnia
1286 1829 1392 1904 iube·

228 1957 324 2029 mus,
352 1945 393 2007 ut
418 1934 545 2008 nullus
576 1932 783 2029 obtimatis,
807 1933 930 2007 maior
957 1935 1112 2028 domus,
1141 1930 1390 2028 domesticus,

229 2058 377 2131 comes,
407 2035 557 2134 gravio,
586 2033 848 2131 cancellarius,
873 2034 934 2107 vel
962 2033 1189 2132 quibuslibet
1216 2033 1390 2132 gratibus

228 2136 462 2232 sublimitas,
489 2136 527 2208 in
555 2135 750 2234 provincia
777 2135 954 2208 Ribuaria
980 2135 1019 2207 in
1045 2132 1185 2208 iudicio
1208 2135 1390 2208 resedens

226 2261 385 2312 munera
413 2240 458 2312 ad
487 2237 628 2311 iudicio
652 2238 903 2335 pervertendo
923 2261 996 2310 non
1020 2234 1189 2333 recipiat.
1229 2233 1338 2322 Quod
1354 2235 1389 2309 si

228 2338 312 2436 quis
331 2339 369 2412 in
388 2339 461 2413 hoc
479 2339 764 2437 depraehensus
784 2337 911 2432 fuerit,
931 2339 977 2411 de
996 2336 1074 2411 vita
1095 2345 1340 2433 conponatur.

703 2601 846 2657 acono.
867 2585 909 2657 B.

226 2719 302 2783 libet
317 2718 434 2783 animal
456 2726 545 2783 extra
561 2718 723 2782 consilium
745 2719 862 2780 domini
886 2718 933 2783 sui
949 2719 1196 2794 excorticaverit,
1218 2721 1260 2786 30
1275 2717 1389 2782 solidis

227 2804 388 2887 culpabilis
409 2804 572 2867 iudicetur.

329 2911 360 2975 2.
398 2907 430 2970 Si
459 2914 563 2970 autem
592 2907 771 2989 negaverit,
804 2915 834 2968 et
861 2906 1021 2970 convictus
1049 2907 1155 2980 fuerit,
1187 2907 1247 2973 100
1274 2904 1386 2968 solidis

225 3011 294 3054 cum
317 2992 451 3074 capitale
473 2999 504 3054 et
526 2991 670 3056 delatura
693 2991 849 3054 multetur.

717 3112 892 3173 Lxxxtx.

554 3216 605 3276 De
627 3214 785 3275 bomine
807 3212 1055 3276 forbannito.

329 3316 361 3379 Si
383 3317 452 3399 quis
474 3317 646 3390 hominem,
668 3316 722 3396 qui
743 3316 941 3379 forbannitus
964 3320 1022 3390 est,
1043 3316 1075 3377 in
1098 3315 1225 3376 domum
1241 3312 1388 3394 recipere

223 3401 482 3483 praesumpserit,
505 3402 530 3463 si
548 3401 715 3464 Ribuarius
738 3407 796 3476 est,
818 3403 859 3468 60
882 3399 1001 3472 solidis,
1024 3400 1050 3461 si
1073 3397 1189 3480 regius,
1212 3399 1387 3471 Romanus,

223 3487 274 3548 vel
295 3486 536 3558 ecclesiasticus,
559 3488 601 3553 30
623 3484 733 3547 solidis
756 3483 918 3566 culpabitis
940 3484 1103 3546 iudicetur.

771 3612 836 3676 XC.

405 3719 449 3781 Ut
470 3739 581 3781 nemo
605 3735 763 3781 munera
785 3717 822 3778 in
844 3715 988 3777 iudicio
1013 3716 1203 3796 accipiat.

329 3820 399 3882 Hoc
420 3828 525 3882 autem
548 3839 705 3883 consensu
727 3827 760 3882 at
781 3817 913 3881 consilio
936 3838 993 3881 seu
1015 3827 1149 3898 paterna
1166 3816 1337 3880 traditione
1354 3824 1389 3881 et

222 3903 299 3987 legis
323 3907 550 3967 cousuetudine
572 3923 668 3987 super
691 3904 797 3966 omnia
818 3902 973 3977 iubemus,
996 3910 1029 3964 ut
1044 3902 1223 3983 optimates,
1246 3901 1386 3966 maiores

223 3987 354 4062 domus,
376 3990 567 4063 domesticis,
599 3990 742 4065 comites,
771 3987 939 4069 graviones
961 3987 1149 4061 cancellarii,
1177 3986 1229 4048 rel
1250 3986 1388 4068 quibus-

222 4072 299 4135 libet
320 4072 467 4155 gradibus
491 4074 659 4146 sublimati,
688 4075 718 4134 iu
741 4071 905 4155 provincia
928 4071 1076 4133 Ribuaria
1098 4071 1129 4132 in
1156 4070 1271 4133 iudicio
1299 4070 1387 4131 resi-

223 4157 333 4218 dentes
356 4177 485 4219 munera
509 4159 548 4219 ad
573 4159 717 4219 iudicium
740 4158 983 4238 pervertendum
1006 4175 1069 4218 non
1093 4155 1256 4236 recipiant.
1289 4154 1386 4230 Quod

222 4242 248 4303 si
272 4242 340 4322 quis
361 4242 393 4302 iu
415 4241 477 4304 boc
499 4241 736 4323 depraehensus
758 4241 861 4313 fuerit,
884 4242 924 4304 de
946 4240 1011 4304 vita
1034 4246 1204 4322 conponat.
