2956 4944
603 337 680 394 Lux
698 336 886 394 RlBUAth.
1286 339 1324 393 89

642 531 667 585 a
685 530 787 587 ocur.
805 511 846 586 Α.

162 648 276 724 fuerit
295 650 505 750 ingressus,
533 649 715 724 iudicium
741 651 1067 749 conpraehensum
1087 652 1324 750 conpellatur

166 751 387 850 adimplere.

263 871 297 942 6.
342 870 450 958 Quod
475 870 506 944 si
536 879 808 944 testamentum
835 869 943 967 regio
970 871 1113 968 absque
1133 873 1321 947 contrario

162 981 391 1045 testamento
412 972 507 1046 falso
527 971 762 1067 clamaverit,
780 995 855 1044 non
875 970 1028 1043 aliunde
1048 997 1161 1070 quam
1180 974 1227 1046 de
1246 973 1322 1046 vita

163 1082 360 1169 conponat

262 1196 296 1264 7.
332 1192 439 1280 Quod
459 1191 491 1266 si
511 1192 585 1264 duo
605 1201 837 1264 testamenta
855 1214 991 1290 regum
1010 1214 1056 1264 ex
1076 1216 1149 1264 una
1163 1215 1245 1265 rem
1261 1217 1322 1265 ex·

162 1291 324 1387 steterit,
343 1316 495 1389 semper
512 1291 617 1390 prior
635 1290 826 1388 duplicem
845 1293 1032 1365 sorciatur
1050 1292 1283 1390 porcionem.

262 1413 296 1483 8.
328 1410 437 1498 Quod
456 1409 487 1482 si
506 1409 590 1509 quis
610 1411 657 1483 de
677 1408 841 1482 ecclesia
859 1408 1001 1508 aliquid
1018 1409 1094 1482 vim
1110 1411 1322 1506 abstulerit,

162 1534 248 1583 cum
268 1509 523 1608 superscripta
541 1511 630 1610 lege
649 1509 687 1582 in
705 1509 863 1609 triplum
882 1509 1066 1584 restituat.

697 1647 788 1720 LXl.

265 1773 296 1840 1.
331 1766 370 1843 si
390 1767 474 1864 quis
492 1791 644 1841 servum
663 1791 773 1841 suum
791 1767 968 1841 libertum
988 1766 1123 1841 fecerit
1142 1778 1180 1841 et
1199 1767 1321 1842 civem

159 1869 369 1942 Romanam
397 1879 603 1967 portasque
636 1880 785 1967 apertas
815 1867 1102 1965 conscripserit,
1135 1869 1206 1966 [et]
1238 1868 1321 1944 sine

159 1968 290 2044 liberis
310 1968 543 2065 discesserit,
562 1994 638 2043 non
654 1969 773 2044 alium
788 1993 901 2067 quam
916 1968 1052 2043 fiscum
1065 1970 1197 2044 habiat
1214 1972 1322 2045 here·

160 2071 257 2144 dem.

261 2182 296 2254 2.
332 2180 439 2268 Quod
460 2179 492 2252 si
512 2177 653 2277 aliquid
681 2177 852 2251 criminis
876 2177 1085 2274 admiserit,
1111 2180 1321 2254 secundum
1336 2203 1421 2264 aaa.

160 2281 288 2379 legem
313 2280 523 2353 Romanam
555 2278 754 2352 iudicetur.
799 2278 847 2352 lit
873 2278 935 2377 qui
968 2303 1056 2352 eum
1087 2279 1320 2378 interficerit,

162 2384 233 2456 100
251 2379 395 2456 solidos
414 2380 607 2454 multetur.

260 2503 294 2575 3.
347 2500 455 2588 Quod
484 2498 517 2574 si
545 2498 720 2572 dominus
749 2497 830 2572 eius
861 2524 949 2574 eum
977 2511 1064 2574 ante
1098 2525 1189 2599 rege
1216 2501 1320 2576 dina·

156 2600 246 2675 riari
265 2601 441 2696 voluerit,
461 2600 656 2675 licentiam
673 2598 814 2672 habiat.

630 2846 652 2899 a
672 2845 772 2900 coru.
793 2828 836 2899 Β.

261 2967 291 3030 6.
329 2963 421 3035 Quod
456 2963 482 3024 si
515 2967 737 3025 testamentum
769 2960 851 3041 ragis
874 2963 995 3045 absque
1024 2964 1184 3026 contrario
1215 2974 1317 3030 testa-

156 3053 265 3111 mento
287 3046 401 3110 salsum
424 3044 615 3119 clamaverit,
637 3063 701 3107 nou
725 3043 852 3106 aliunde
874 3045 933 3108 nisi
956 3047 997 3108 de
1019 3047 1083 3110 vita
1105 3059 1274 3130 conponat.

263 3155 292 3214 7.
330 3148 422 3222 Quod
454 3148 480 3212 si
509 3149 572 3211 duo
601 3153 788 3212 testamenta
810 3166 920 3230 regum
944 3149 983 3211 de
1004 3169 1069 3213 una
1090 3170 1125 3214 re
1148 3151 1317 3228 extiterint,

155 3253 282 3315 semper
303 3233 391 3314 prior
414 3232 570 3314 duplicem
594 3231 747 3296 sorbetur
768 3231 958 3312 portionem.

259 3339 289 3403 8.
327 3334 420 3410 Quod
449 3335 475 3399 si
502 3336 570 3417 quis
600 3336 640 3397 de
671 3334 803 3396 ecclesia
834 3334 951 3417 aliquid
981 3337 1012 3398 vi
1042 3337 1216 3413 abstulerit,
1246 3358 1316 3400 cum

154 3420 367 3502 superscripta
388 3419 457 3503 lage
478 3419 510 3480 iu
532 3419 659 3501 triplum
681 3418 835 3482 restituat.

681 3539 789 3603 LXlll.

302 3643 354 3703 De
376 3642 537 3706 libertis
560 3643 773 3706 secundum
796 3642 925 3723 legem
948 3643 1166 3705 Romanam.

263 3748 290 3808 l.
327 3743 358 3805 Si
381 3745 451 3825 quis
473 3764 597 3807 servum
620 3764 710 3807 suum
734 3744 878 3806 libertum
901 3743 1012 3805 iecerit
1030 3753 1062 3806 et
1076 3745 1175 3807 civem
1191 3746 1314 3811 Roma-

154 3848 229 3891 num
251 3835 425 3910 portasque
447 3836 573 3910 apertas
596 3827 827 3909 conscripserit,
856 3827 882 3890 si
905 3826 973 3890 sine
994 3829 1101 3890 liberis
1124 3829 1315 3905 discesserit,

153 3933 217 3974 uon
241 3912 336 3975 alium
358 3911 418 3974 nisi
440 3911 550 3974 liscum
572 3918 715 3975 nostrum
740 3913 857 3975 babeat
878 3912 1040 3975 heredem.

258 4018 288 4080 2.
325 4013 419 4088 Quod
450 4014 476 4075 si
504 4015 621 4094 aliquid
649 4014 786 4077 criminis
815 4012 987 4089 admiserit,
1017 4016 1189 4078 secuudum
1212 4015 1314 4097 legem
1328 4026 1415 4089 pata.

152 4100 329 4163 Romanam
339 4098 503 4161 iudicetur.
531 4098 571 4161 Et
586 4098 639 4179 qui
654 4117 725 4160 eum
741 4099 945 4172 interfecerit,
962 4100 1022 4166 100
1034 4098 1143 4163 solidis
1156 4100 1314 4164 multetur.

258 4205 288 4270 3.
324 4201 417 4278 Quod
451 4200 478 4263 si
510 4200 656 4263 dominus
684 4201 751 4265 eius
781 4221 853 4264 eum
880 4209 954 4265 anta
981 4220 1088 4283 regem
1118 4202 1314 4266 dirararium

153 4285 259 4353 lacera
281 4285 425 4361 voluerit,
448 4285 605 4348 licentiam
625 4285 755 4349 habeat.
