2956 4944
589 345 667 403 tux
685 343 871 403 urnulam.

633 541 657 595 r
675 540 777 595 cono.
793 523 833 596 A.

152 663 279 736 taliter
306 660 448 759 agerit,
480 684 567 734 cum
595 661 811 760 legitimum
840 683 998 732 numero
1029 657 1203 733 similiter
1235 670 1312 732 stu·

152 763 231 838 diat
250 762 422 861 implere,
442 773 508 836 aut
526 761 743 861 legitimum
763 761 994 836 solutionem
1012 758 1198 835 restituat.

663 918 798 991 LXVlI.
1319 959 1342 1001 ρ.
1358 941 1410 991 aas.

258 1043 289 1111 l.
340 1037 380 1110 Si
419 1037 502 1136 quis
534 1037 700 1112 moriens
736 1033 954 1111 debitosus*
988 1047 1052 1110 aut
1084 1043 1311 1109 testamenta

151 1139 213 1212 vel
258 1136 484 1212 venditionis
530 1163 597 1212 seu
635 1137 854 1212 tradicionis
896 1136 1038 1235 aliquid
1079 1134 1233 1230 fecerit,
1278 1133 1311 1208 si

152 1237 252 1314 lilios
278 1250 344 1313 aut
370 1237 469 1312 filias
497 1263 574 1312 non
600 1237 836 1337 relinquent,
864 1237 1079 1336 quicunque
1107 1239 1153 1311 de
1178 1260 1313 1334 paren·

152 1340 251 1413 tibus
279 1338 378 1435 suiS,
415 1349 598 1437 quantum
633 1363 729 1413 unus
766 1336 911 1410 solidus
939 1340 1064 1434 valet,
1101 1339 1139 1410 in
1165 1336 1312 1411 heredi·

152 1450 271 1514 tatem
298 1439 495 1537 reciperit,
529 1440 591 1514 vel
623 1439 684 1512 cui
718 1437 966 1537 weregildum
994 1439 1097 1533 eius,
1135 1438 1166 1511 si
1200 1437 1313 1510 inter-

154 1541 276 1614 fectus
303 1540 460 1635 fuisset,
489 1539 653 1639 legitimi
683 1538 896 1635 obvenibat,
925 1563 1075 1613 omnem
1102 1536 1313 1612 debitum**

153 1640 353 1740 culpabilis
382 1640 589 1738 iudicetur,
618 1653 656 1716 et
683 1664 834 1716 omnem
865 1641 1007 1713 factum
1035 1640 1116 1714 eius
1145 1638 1314 1713 idoniare

154 1744 317 1837 studeat,
337 1753 403 1816 aut
421 1743 571 1841 culpam
591 1743 808 1817 incurreret.

251 1843 275 1926 *l
298 1858 316 1907 t.
337 1869 359 1910 c.
380 1857 425 1926 qut
443 1857 657 1922 compositionem
677 1854 763 1907 debet.

236 1926 277 2010 **)
300 1942 318 1991 t.
339 1951 362 1990 e.
381 1940 604 2002 compositionem.

255 2032 289 2104 2.
336 2027 376 2100 Si
405 2027 491 2126 quis
519 2039 647 2101 autem
675 2039 764 2127 post
790 2027 864 2102 lide
892 2029 992 2101 facta
1020 2026 1247 2101 sacramenti
1277 2028 1315 2100 in

154 2131 265 2202 hoste
300 2127 476 2201 bannitus
522 2129 656 2222 fuerit,
697 2129 728 2202 si
764 2152 839 2201 non
875 2129 1104 2226 perrexerit,
1146 2138 1231 2226 post
1267 2131 1317 2202 40

155 2228 300 2323 noctis,
342 2228 373 2301 si
406 2239 533 2302 autem
566 2228 799 2327 perrexerit,
831 2239 919 2327 post
951 2253 1054 2301 arma
1086 2228 1317 2327 positionem

155 2355 270 2428 super
291 2332 336 2402 14
355 2340 487 2403 noctes
507 2329 705 2404 coniurare
725 2329 876 2403 studiat.

257 2451 290 2523 3.
336 2448 443 2536 Quod
473 2449 505 2524 si
538 2458 817 2524 sacramentum
851 2448 929 2544 illi,
961 2447 1025 2548 qui
1062 2447 1317 2546 prosequitur,

155 2575 229 2624 non
247 2549 567 2647 pronunciaverit,
586 2550 674 2649 ipsi,
692 2550 753 2650 qui
774 2549 928 2648 placuit,
948 2561 1035 2624 ante
1054 2574 1192 2622 annum
1211 2574 1317 2623 revo-

640 2815 785 2870 ncoon.
805 2798 848 2869 B.

159 2934 267 3016 egerit,
291 2952 358 2993 cum
382 2931 519 3012 legitimo
542 2950 674 2993 numero
697 2932 840 2993 similiter
868 2933 993 2993 studeat
1007 2932 1147 3012 implere,
1170 2939 1223 2993 aut
1238 2932 1320 3015 legi-

158 3018 265 3079 timam
289 3015 476 3078 solutionem
501 3015 655 3078 restituat.

683 3135 794 3198 LXIX.
1328 3151 1419 3212 utta.

396 3239 447 3299 De
470 3257 518 3298 eo
542 3237 605 3319 qui
628 3237 757 3299 lilium
780 3258 858 3300 non
880 3238 1087 3320 relinquit.

268 3345 294 3408 l.
335 3341 365 3403 Si
396 3340 467 3421 quis
499 3340 637 3400 moriens
672 3340 797 3403 debitor
831 3348 885 3403 aut
913 3349 1102 3404 testamenta
1133 3341 1321 3404 venditionis

159 3447 214 3490 seu
238 3425 416 3488 traditionis
439 3424 543 3507 aliqua
566 3424 685 3497 lecerit,
708 3424 733 3486 si
756 3425 839 3489 filios
862 3433 914 3488 aut
935 3425 1016 3488 filias
1040 3445 1104 3488 nou
1127 3424 1320 3504 relinquent,

159 3511 346 3591 quicumque
370 3511 409 3571 dc
431 3508 613 3591 parentibus
642 3509 722 3582 suis,
751 3517 903 3590 quantum
930 3529 1010 3571 unus
1033 3509 1152 3571 solidus
1175 3508 1268 3581 valet,
1289 3509 1321 3569 in

159 3594 367 3656 hereditatem
394 3593 558 3675 acciperit,
588 3593 637 3655 vel
671 3593 719 3655 cui
754 3595 941 3675 weregildus
973 3594 1055 3666 eius,
1085 3592 1110 3654 si
1138 3592 1321 3655 interfectus

159 3678 289 3750 fuisset,
318 3677 455 3759 legitime
484 3677 690 3750 obveniebat,
726 3696 819 3739 omne
849 3677 986 3739 debitum
1017 3695 1074 3756 per
1105 3675 1209 3757 ipsum
1242 3676 1321 3738 solvi

160 3761 324 3833 iudicatur,
352 3768 384 3821 et
413 3779 506 3822 omne
536 3761 652 3822 lactum
676 3760 743 3822 eius
772 3761 918 3823 idoniare
948 3761 1088 3832 studeat,
1118 3768 1172 3822 aut
1199 3761 1321 3843 culpam

160 3846 311 3907 incurrat.

268 3950 297 4013 2.
331 3947 362 4008 Si
384 3947 454 4028 quis
478 3956 582 4008 autem
605 3952 679 4026 post
700 3946 796 4008 fidem
813 3947 929 4009 factam
945 3947 1135 4008 sacramenti
1150 3946 1182 4008 in
1198 3948 1322 4010 hostem

161 4031 308 4094 bannitus
331 4031 434 4103 fuerit,
457 4031 483 4094 si
499 4050 563 4092 non
579 4031 764 4112 perrexerit,
786 4038 860 4110 post
875 4033 916 4096 tu
932 4039 1056 4106 noctes3
1080 4032 1105 4092 si
1123 4040 1226 4094 autem
1243 4050 1323 4111 per-

162 4117 495 4264 qppprrq‘t,splodsgaprma
518 4114 706 4196 positionem
728 4133 824 4196 snper
847 4114 1096 4196 quattuordecim
1113 4124 1221 4177 noctes
1243 4133 1323 4176 con-

267 4305 297 4370 3.
334 4303 429 4378 Quod
458 4301 484 4366 si
508 4309 739 4366 sacramentum
761 4299 823 4376 illc,
847 4301 897 4383 qui
921 4302 1134 4383 prosequitur,
1155 4319 1219 4363 non
1242 4320 1322 4382 pro-
