2956 4944
594 349 672 408 Lex
691 349 878 408 crunnum.

629 545 652 599 u
671 545 773 600 cono.
793 526 833 600 Α.

255 671 288 738 7.
318 665 357 738 si
373 664 457 763 quis
477 665 678 739 diaconum
700 665 932 761 interficerit,
952 663 1315 740 400*soliu0s1nul-

153 777 281 947 teturq)
306 873 353 925 ter
374 873 522 926 centenos
539 869 574 939 43
596 865 644 926 bis
661 871 809 926 centenos
825 869 860 938 53
886 891 991 930 crocino
1012 879 1039 929 m
1059 867 1078 928 7
1098 880 1125 928 et
1142 879 1316 945 superscrip-

305 965 357 1013 tum
376 976 393 1012 o
413 948 654 1022 correctorium
693 951 831 1010 centenis
861 947 970 1010 solidis
1000 949 1164 1022 multetur3
1201 947 1231 1007 id
1266 956 1314 1009 esi

306 1031 556 1111 quinquagenius
580 1032 700 1094 solidos
723 1032 759 1109 83
798 1032 936 1093 centenis
960 1030 1068 1091 solidis
1093 1033 1244 1103 addetur,
1281 1031 1312 1092 id

305 1123 353 1177 esi
373 1116 400 1176 D
423 1115 480 1176 sol.
506 1116 653 1177 muitetur
677 1119 731 1190 103
762 1117 789 1175 D
812 1116 870 1178 sol.
894 1117 1041 1177 multetur
1064 1119 1093 1181 9.

256 1223 290 1293 8.
332 1218 371 1291 Si
413 1219 496 1314 quis
536 1221 801 1316 presbyterum
839 1220 1044 1318 ingenuum
1081 1219 1316 1314 interficerit,

152 1331 210 1394 ter
228 1317 422 1392 ducenus*
442 1319 586 1394 solidus
606 1321 797 1393 multetur.

258 1418 281 1499 ²⁸]
307 1418 354 1481 CC
378 1418 434 1500 (ier
457 1418 564 1503 omacio)
588 1421 625 1492 6;
648 1425 697 1478 ter
712 1416 783 1479 CCC
799 1420 836 1492 9;
859 1445 965 1483 erasum
984 1433 1012 1481 io
1031 1420 1059 1497 7,
1081 1437 1106 1484 et
1124 1433 1232 1498 scripsi!
1251 1445 1315 1484 cor-

304 1519 393 1566 rector
414 1499 546 1563 DCCCC.

256 1609 289 1681 9.
317 1604 355 1679 si
388 1603 471 1702 quis
505 1605 728 1705 episcopum
760 1604 1003 1702 interficerit,
1034 1617 1093 1679 ter
1122 1604 1315 1679 tricenus*

154 1704 298 1779 solidus
324 1707 515 1780 muitetur.

257 1804 281 1888 ³⁸)
305 1803 375 1867 CCC
403 1805 461 1889 (ier
483 1807 590 1888 omisso)
614 1810 652 1881 6;
691 1816 738 1868 ter
766 1806 834 1868 tric.
858 1832 964 1871 crucum
983 1821 1010 1870 io
1030 1808 1058 1886 4,
1079 1821 1106 1870 et
1122 1819 1230 1884 scripsit
1249 1831 1315 1869 cor-

304 1907 394 1954 rector
416 1888 558 1964 DCCCC;
595 1897 644 1952 ῐθι·
666 1891 732 1952 tric.
756 1890 813 1953 sol.
837 1888 923 1950 muli.
946 1915 1026 1954 erasa
1051 1905 1079 1954 in
1103 1893 1137 1964 7,
1162 1904 1189 1953 et
1209 1901 1316 1966 scripsit

304 1989 454 2038 corrector:
477 1975 651 2036 monachus
673 1972 739 2035 fiet.

258 2079 314 2149 10.
343 2076 382 2150 Si
411 2077 495 2174 quis
521 2089 670 2175 partum
702 2076 740 2148 in
768 2076 947 2149 feminam
975 2073 1217 2166 interficerit‚
1245 2082 1413 2145 seur·2³1·

153 2186 284 2249 natum
315 2176 537 2274 priusquam
569 2202 708 2250 nomen
741 2178 898 2270 habeat,
935 2176 992 2249 bis
1025 2175 1313 2273 quinquegenus

155 2276 299 2350 solidus
336 2276 536 2374 culpabilis
574 2278 773 2351 iudicetur.
825 2276 932 2364 Quod
974 2276 1006 2350 si
1035 2285 1194 2347 matrem
1229 2297 1313 2346 cum

154 2389 263 2475 parto
285 2376 516 2473 interficerit‚
536 2379 783 2478 septingenos
804 2377 949 2451 solidus
970 2377 1161 2449 muitetur.

260 2503 315 2571 11.
344 2496 382 2571 si
406 2498 490 2597 quis
511 2499 770 2598 weregeldum
792 2497 941 2571 solvere
966 2497 1154 2593 coeperit,
1177 2495 1314 2566 bovem

155 2609 353 2671 cornutum
385 2599 578 2674 videntem
613 2612 652 2674 ct
680 2625 815 2674 sanum
843 2623 910 2695 pro
943 2600 965 2673 2
994 2596 1128 2671 solidis
1162 2595 1312 2668 tribuet.

153 2701 312 2772 Vaccem
340 2712 536 2775 cornutam
557 2701 750 2774 videntem
778 2711 814 2773 et
833 2724 966 2773 sanam
985 2723 1054 2796 per
1073 2709 1149 2771 tres
1170 2694 1313 2770 solidos

153 2800 303 2872 tribuet.
358 2801 505 2899 Equum
548 2802 739 2875 videntem
776 2812 814 2873 et
842 2825 974 2873 sanum
1008 2823 1077 2896 per
1113 2795 1312 2869 duodecim

154 2901 297 2973 solidos
316 2901 467 2974 tribuat.
505 2903 650 3000 Equam
669 2903 860 2973 videntem
880 2911 1066 2973 oisonem
1093 2923 1161 2994 pro
1182 2899 1203 2970 3
1224 2896 1314 2970 soli·

1141 3043 1306 3051 --——----

158 3048 436 3055 ——-——„—“.
444 3049 477 3054 --
483 3049 517 3054 ⁸--
548 3047 915 3056 >——.———-....--.——-.--.
922 3047 1056 3053 --—-.-.
1063 3047 1082 3052 -

627 3144 770 3200 eccon.
791 3129 834 3199 B.

259 3264 288 3325 7.
312 3261 343 3322 Si
367 3263 435 3343 quis
459 3263 624 3325 diaconum
646 3262 837 3336 interficerit,
860 3250 935 3324 500
954 3246 1086 3321 solidis
1106 3267 1314 3342 conponatur.

258 3367 288 3429 8.
300 3364 343 3510 tSi
366 3366 434 3447 quis
456 3369 676 3449 presbyterum
699 3367 866 3450 ingenuum
888 3363 1096 3436 interfecerit,
1119 3366 1181 3429 600
1204 3362 1312 3424 solidis

153 3466 321 3529 conpone.

259 3553 289 3616 9.
313 3551 343 3610 Si
366 3552 435 3632 quis
459 3551 640 3634 episcopum
663 3551 856 3626 interficerit,
878 3553 940 3617 900
956 3550 1075 3613 solidos
1098 3556 1266 3628 conponat.

261 3654 309 3717 10.
333 3652 363 3712 Si
379 3657 447 3733 quis
464 3663 587 3734 partum
603 3656 634 3716 in
650 3654 765 3716 femine
781 3652 972 3725 interficerit,
996 3671 1050 3713 seu
1074 3661 1181 3713 netum
1205 3651 1312 3730 prius-
1321 3686 1345 3728 ρ.
1361 3667 1415 3720 2³1.

153 3755 247 3818 quem
270 3755 385 3796 nornen
407 3734 534 3811 habeat,
560 3742 619 3805 100
642 3738 751 3801 soiidis
775 3737 937 3820 culpabilis
959 3735 1124 3796 iudicetur.
1170 3735 1262 3807 Quod
1285 3735 1312 3798 si

153 3826 285 3882 matrem
310 3839 379 3880 cum
403 3827 494 3900 partu
516 3820 712 3895 interficerit,
734 3824 795 3886 700
819 3820 927 3883 solidis
952 3820 1109 3880 multetur.

260 3925 308 3988 11.
336 3922 367 3982 Si
396 3922 464 4004 quis
489 3924 697 4004 weregeldum
727 3923 850 3986 solvere
874 3922 980 3998 debet,
1008 3923 1124 3984 bovem
1147 3929 1311 3983 corouium

152 4006 310 4069 videntem
338 4016 368 4067 et
395 4027 506 4069 sonum
539 4026 598 4088 pro
627 4007 776 4073 2soiidis
807 4008 933 4068 tribuat.
980 4006 1118 4068 Vaccam
1147 4013 1312 4068 cornutam

151 4109 309 4171 videntem
335 4116 365 4170 ei
388 4128 498 4173 sanam
520 4119 587 4192 pro
611 4099 625 4167 1
651 4093 771 4169 solido
791 4109 917 4171 tribuat.
955 4109 1077 4188 Equum
1100 4107 1258 4169 videniem
1282 4114 1313 4168 ei

152 4230 263 4273 sanum
285 4220 353 4306 pro
373 4202 395 4270 7
416 4195 549 4272 solidis
568 4210 697 4273 tribuet.
741 4210 861 4292 Equam
885 4211 1042 4273 videntem
1066 4220 1096 4272 et
1118 4229 1228 4273 senam
1252 4227 1314 4290 pro

152 4299 172 4360 3
201 4295 309 4359 solidis
337 4295 466 4359 tribuci.
509 4296 640 4379 Sputum
668 4313 737 4357 cum
769 4295 887 4377 scogiio
917 4315 975 4378 pro
1003 4301 1022 4362 7
1046 4293 1156 4358 solidis
1187 4294 1316 4355 tribuet.

1042 4410 1077 4460 6*
