2956 4944
587 336 664 392 Lux
684 335 870 393 RIBUARIA.
1273 337 1307 390 75

627 531 650 585 r
669 531 771 585 corn.
788 514 827 586 Α.

152 652 353 744 tollendas,
380 663 583 748 antequam
608 651 642 725 ei
670 649 784 724 fidem
812 651 962 745 fecerit,
990 662 1054 723 aut
1081 651 1125 722 ad
1154 649 1309 723 extrodo

153 752 398 826 admallatum
424 750 609 845 habuerit,
637 750 796 824 invitare
816 751 1127 849 praesumpserit,
1151 750 1207 824 bis
1223 749 1311 822 vici-

152 878 221 927 nos
242 865 279 927 et
298 853 434 952 quinos
453 852 595 927 solidos
616 853 807 926 multetur.

255 958 287 1029 2.
323 954 429 1043 Quod
450 954 480 1027 si
502 953 587 1051 quis
608 954 719 1026 iudex
737 952 878 1027 fiscalis
908 952 1084 1050 amplius,
1111 976 1223 1049 quam
1249 951 1340 1023 Iexr-
1357 956 1410 1006 2³⁰·

151 1054 328 1129 Ribuaria
355 1054 534 1150 contenit,
562 1054 718 1148 tullerit,
744 1054 801 1128 bis
828 1055 974 1128 vicinus
1003 1063 1040 1127 et
1068 1052 1202 1153 quinos
1222 1051 1310 1126 soii·

153 1158 221 1230 dos
241 1156 430 1231 multetur.

694 1262 767 1335 LII.

255 1381 294 1455 Si
325 1381 408 1479 quis
437 1404 518 1454 rem
547 1405 657 1454 suam
684 1381 749 1453 alii
773 1380 1028 1479 praesteterit‚
1055 1381 1110 1476 [et
1129 1379 1312 1476 placitum

155 1481 360 1578 indixerit],
386 1483 485 1579 quod
512 1480 543 1553 si
573 1505 687 1578 super
706 1481 887 1580 placitum
907 1506 988 1555 rem
1006 1491 1238 1578 praestatam
1256 1505 1313 1555 re·

153 1594 284 1657 tenere
303 1580 614 1681 praesumpserit,
637 1583 849 1680 terquinos
869 1580 1012 1657 solidos
1033 1582 1223 1656 multetur.

685 1719 775 1793 LIII.

259 1845 289 1914 1.
310 1838 350 1912 Si
367 1841 449 1938 quis
465 1839 630 1913 iudicem
644 1839 829 1936 fiscalem,
841 1864 953 1939 quem
969 1839 1146 1912 comitem
1162 1849 1312 1931 vocant,

155 1940 385 2035 interficerit,
405 1953 463 2015 ter
481 1944 649 2015 ducenus
668 1943 811 2016 solidus
831 1941 1023 2016 muitetur.

158 2069 160 2073 ’
255 2044 289 2115 2.
324 2043 431 2130 Quod
457 2042 487 2115 si
515 2041 643 2140 regius
672 2067 766 2139 puer
791 2044 853 2116 veI
879 2067 924 2115 ex
943 2040 1129 2114 tabulario
1160 2043 1313 2113 adeum

156 2144 313 2242 gradum
363 2144 593 2237 ascenderit,
654 2143 778 2216 sexies
830 2143 1116 2240 quinquagenus
1167 2140 1312 2214 solidus

156 2243 348 2315 multetur.

691 2343 778 2416 LIV.

260 2468 292 2535 1.
333 2460 372 2534 Si
401 2461 485 2559 quis
509 2472 637 2536 autem
659 2463 853 2536 hominem
879 2473 1083 2557 mortuum,
1110 2472 1314 2558 antequam

156 2592 1213 2602 ----.———-————-—-————--——--—-—————-——————————-——--—
1222 2589 1317 2598 —-——

629 2654 773 2710 neuun.
795 2637 834 2708 B.

155 2780 326 2853 antequam
342 2772 370 2833 ei
386 2771 480 2833 fidem
496 2772 615 2845 feeerit,
638 2778 692 2835 aut
712 2774 752 2835 ad
768 2774 911 2834 strudem
930 2771 1133 2834 admaiiatum
1156 2769 1314 2857 habuerit,

156 2856 290 2918 invitare
313 2856 568 2937 praesumpserit,
591 2860 632 2923 50
655 2857 761 2918 solidis
785 2856 941 2918 multetur.

262 2943 292 3004 2.
316 2938 409 3012 Quod
434 2939 459 3000 si
484 2940 552 3019 quis
575 2939 671 3001 iudex
693 2939 808 3001 fiscalis
825 2938 968 3019 amplius,
992 2958 1086 3018 quam
1103 2937 1152 2998 lex
1167 2937 1345 3006 RibuarIap.
1362 2945 1413 2996 289.

157 3023 306 3094 eontinet,
331 3022 446 3094 tuterit,
469 3026 511 3089 50
534 3022 641 3085 solidis
665 3024 822 3085 muitetur.

650 3204 652 3211 .
695 3144 770 3206 LIV.

574 3247 626 3306 De
649 3267 688 3307 re
712 3253 908 3328 prestata.

264 3348 295 3409 Si
318 3350 388 3429 quis
411 3367 478 3409 rem
503 3368 590 3410 suam
615 3349 667 3411 aiii
690 3349 891 3431 praestiterit,
925 3356 956 3409 et
986 3347 1131 3428 placitum
1161 3345 1316 3418 indixerit,

158 3432 242 3512 quod
267 3433 293 3496 si
316 3454 411 3516 super
433 3432 581 3514 placitum
604 3454 669 3495 rem
698 3434 879 3515 praestitam
904 3433 1038 3495 retinere
1062 3431 1317 3513 praesumpserit,

161 3520 199 3582 15
222 3516 330 3579 solidis
355 3517 511 3580 muitetur.

708 3610 769 3672 LV.

370 3712 421 3774 De
444 3733 488 3775 eo
512 3712 576 3795 qui
599 3713 825 3796 grafionem
849 3711 1106 3774 interficerit.

268 3816 295 3878 1.
320 3813 350 3873 Si
372 3814 442 3894 quis
464 3815 600 3877 iudicem
620 3814 771 3888 fiscalem,
787 3835 879 3896 quem
905 3814 1049 3875 comitem
1066 3820 1193 3885 vocant,
1216 3812 1318 3874 inter-

160 3895 279 3968 fecerit,
302 3899 364 3963 600
380 3897 490 3961 solidis
514 3899 672 3962 muitetur.

265 3986 294 4047 2.
318 3981 410 4055 Quod
435 3982 461 4045 si
485 4002 519 4043 re
552 4003 587 4045 us
609 4004 697 4065 puer,
721 3982 770 4044 vei
793 4001 830 4042 ex
851 3981 1017 4054 tabulario,
1040 3982 1080 4043 ad
1097 4001 1168 4044 eum
1184 3981 1316 4065 gradum

161 4066 346 4139 ascenderit,
369 4069 431 4133 300
454 4005 562 4130 sotiis
587 4067 742 4129 multetur.

700 4187 776 4249 LVI.

455 4291 507 4353 De
529 4289 772 4372 corporibus
795 4289 1020 4372 expoliatis.

267 4394 295 4457 1.
319 4391 350 4454 si
367 4392 435 4475 quis
452 4402 557 4456 autem
574 4392 733 4456 hominem
752 4401 918 4465 mortuum,
942 4392 1124 4472 ‘antequam
1140 4390 1319 4470 sepeliatur,
1330 4397 1371 4451 Ἰ·
1386 4390 1439 4440 2⁴⁰·
