<?xml version="1.0" encoding="UTF-8"?>
<!DOCTYPE html PUBLIC "-//W3C//DTD XHTML 1.0 Transitional//EN"
    "http://www.w3.org/TR/xhtml1/DTD/xhtml1-transitional.dtd">
<html xmlns="http://www.w3.org/1999/xhtml" xml:lang="en" lang="en">
 <head>
  <title>
</title>
<meta http-equiv="Content-Type" content="text/html;charset=utf-8" />
  <meta name='ocr-system' content='tesseract 3.04.00' />
  <meta name='ocr-capabilities' content='ocr_page ocr_carea ocr_par ocr_line ocrx_word'/>
</head>
<body>
  <div class='ocr_page' id='page_1' title='image "./fontesiurisgerm02unkngoog_0021.png"; bbox 0 0 2956 4944; ppageno 0'>
   <div class='ocr_carea' id='block_1_1' title="bbox 295 322 989 381">
    <p class='ocr_par' dir='ltr' id='par_1_1' title="bbox 295 322 989 381">
     <span class='ocr_line' id='line_1_1' title="bbox 295 322 989 381; baseline 0.009 -6"><span class='ocrx_word' id='word_1_1' title='bbox 295 322 328 377; x_wconf 78' lang='lat'><strong>16</strong></span> <span class='ocrx_word' id='word_1_2' title='bbox 711 324 786 381; x_wconf 84' lang='lat' dir='ltr'><strong>LEX</strong></span> <span class='ocrx_word' id='word_1_3' title='bbox 804 323 989 381; x_wconf 62' lang='lat' dir='ltr'><strong>ursanum·</strong></span> 
     </span>
    </p>
   </div>
   <div class='ocr_carea' id='block_1_2' title="bbox 293 493 1411 998">
    <p class='ocr_par' dir='ltr' id='par_1_2' title="bbox 293 493 1411 832">
     <span class='ocr_line' id='line_1_2' title="bbox 379 493 1411 581; baseline 0.002 -21"><span class='ocrx_word' id='word_1_4' title='bbox 379 494 522 560; x_wconf 84' lang='lat' dir='ltr'><strong>Tituium</strong></span> <span class='ocrx_word' id='word_1_5' title='bbox 550 495 591 558; x_wconf 88' lang='lat'><strong>36</strong></span> <span class='ocrx_word' id='word_1_6' title='bbox 628 493 683 580; x_wconf 89' lang='lat' dir='ltr'><strong>(de</strong></span> <span class='ocrx_word' id='word_1_7' title='bbox 712 493 846 560; x_wconf 83' lang='lat' dir='ltr'><strong>diversis</strong></span> <span class='ocrx_word' id='word_1_8' title='bbox 875 493 1164 580; x_wconf 80' lang='lat' dir='ltr'><strong>interfectionibus)</strong></span> <span class='ocrx_word' id='word_1_9' title='bbox 1196 518 1264 560; x_wconf 90' lang='lat' dir='ltr'><strong>non</strong></span> <span class='ocrx_word' id='word_1_10' title='bbox 1294 507 1411 581; x_wconf 80' lang='lat' dir='ltr'><strong>postea</strong></span> 
     </span>
     <span class='ocr_line' id='line_1_3' title="bbox 295 577 1408 664; baseline 0 -19"><span class='ocrx_word' id='word_1_11' title='bbox 295 580 446 645; x_wconf 85' lang='lat' dir='ltr'><strong>additum</strong></span> <span class='ocrx_word' id='word_1_12' title='bbox 468 585 485 663; x_wconf 88' lang='lat'><em>(</em></span> <span class='ocrx_word' id='word_1_13' title='bbox 486 579 523 642; x_wconf 89' lang='lat' dir='ltr'><strong>id</strong></span> <span class='ocrx_word' id='word_1_14' title='bbox 545 579 630 664; x_wconf 81' lang='lat' dir='ltr'><strong>quad</strong></span> <span class='ocrx_word' id='word_1_15' title='bbox 653 577 727 642; x_wconf 85' lang='lat' dir='ltr'><strong>oiim</strong></span> <span class='ocrx_word' id='word_1_16' title='bbox 748 579 830 642; x_wconf 88' lang='lat' dir='ltr'><strong>mibi</strong></span> <span class='ocrx_word' id='word_1_17' title='bbox 851 579 1051 661; x_wconf 86' lang='lat' dir='ltr'><strong>videbatur),</strong></span> <span class='ocrx_word' id='word_1_18' title='bbox 1074 581 1130 643; x_wconf 88' lang='lat' dir='ltr'><strong>sed</strong></span> <span class='ocrx_word' id='word_1_19' title='bbox 1152 577 1191 642; x_wconf 90' lang='lat' dir='ltr'><strong>ab</strong></span> <span class='ocrx_word' id='word_1_20' title='bbox 1215 588 1346 645; x_wconf 89' lang='lat' dir='ltr'><strong>auctore</strong></span> <span class='ocrx_word' id='word_1_21' title='bbox 1361 602 1408 645; x_wconf 88' lang='lat' dir='ltr'><strong>se·</strong></span> 
     </span>
     <span class='ocr_line' id='line_1_4' title="bbox 293 664 1411 747; baseline -0.001 -18"><span class='ocrx_word' id='word_1_22' title='bbox 293 664 422 729; x_wconf 87' lang='lat' dir='ltr'><strong>eundae</strong></span> <span class='ocrx_word' id='word_1_23' title='bbox 442 664 550 747; x_wconf 82' lang='lat' dir='ltr'><strong>partis</strong></span> <span class='ocrx_word' id='word_1_24' title='bbox 572 685 642 725; x_wconf 90' lang='lat' dir='ltr'><strong>una</strong></span> <span class='ocrx_word' id='word_1_25' title='bbox 657 671 837 745; x_wconf 79' lang='lat' dir='ltr'><strong>camparte</strong></span> <span class='ocrx_word' id='word_1_26' title='bbox 852 664 996 727; x_wconf 85' lang='lat' dir='ltr'><strong>secunda</strong></span> <span class='ocrx_word' id='word_1_27' title='bbox 1011 664 1229 747; x_wconf 82' lang='lat' dir='ltr'><strong>conscriptum</strong></span> <span class='ocrx_word' id='word_1_28' title='bbox 1244 684 1319 744; x_wconf 86' lang='lat' dir='ltr'><strong>esse,</strong></span> <span class='ocrx_word' id='word_1_29' title='bbox 1341 665 1411 728; x_wconf 90' lang='lat' dir='ltr'><strong>iam</strong></span> 
     </span>
     <span class='ocr_line' id='line_1_5' title="bbox 294 746 951 832; baseline -0.005 -20"><span class='ocrx_word' id='word_1_30' title='bbox 294 769 401 832; x_wconf 78' lang='lat' dir='ltr'><strong>supra</strong></span> <span class='ocrx_word' id='word_1_31' title='bbox 422 751 467 828; x_wconf 64' lang='lat'><strong>(35.</strong></span> <span class='ocrx_word' id='word_1_32' title='bbox 489 747 527 826; x_wconf 86' lang='lat'><strong>4)</strong></span> <span class='ocrx_word' id='word_1_33' title='bbox 545 746 690 829; x_wconf 76' lang='lat' dir='ltr'><strong>probare</strong></span> <span class='ocrx_word' id='word_1_34' title='bbox 712 753 848 809; x_wconf 89' lang='lat' dir='ltr'><strong>conatus</strong></span> <span class='ocrx_word' id='word_1_35' title='bbox 869 768 951 809; x_wconf 94' lang='lat' dir='ltr'><strong>sum.</strong></span> 
     </span>
    </p>

    <p class='ocr_par' dir='ltr' id='par_1_3' title="bbox 295 826 1411 998">
     <span class='ocr_line' id='line_1_6' title="bbox 386 826 1411 914; baseline -0.002 -18"><span class='ocrx_word' id='word_1_36' title='bbox 386 829 488 896; x_wconf 87' lang='lat' dir='ltr'><strong>Verba</strong></span> <span class='ocrx_word' id='word_1_37' title='bbox 503 827 537 891; x_wconf 87' lang='lat' dir='ltr'><strong>id</strong></span> <span class='ocrx_word' id='word_1_38' title='bbox 551 837 599 892; x_wconf 85' lang='lat' dir='ltr'><strong>est</strong></span> <span class='ocrx_word' id='word_1_39' title='bbox 613 829 634 893; x_wconf 93' lang='grc'><strong>4</strong></span> <span class='ocrx_word' id='word_1_40' title='bbox 648 827 787 891; x_wconf 83' lang='lat' dir='ltr'><strong>dinarios</strong></span> <span class='ocrx_word' id='word_1_41' title='bbox 809 830 846 892; x_wconf 91' lang='lat' dir='ltr'><strong>in</strong></span> <span class='ocrx_word' id='word_1_42' title='bbox 868 826 960 893; x_wconf 84' lang='lat' dir='ltr'><strong>titulo</strong></span> <span class='ocrx_word' id='word_1_43' title='bbox 981 828 1031 893; x_wconf 78' lang='lat'><strong>23.</strong></span> <span class='ocrx_word' id='word_1_44' title='bbox 1054 830 1197 914; x_wconf 72' lang='lat' dir='ltr'><strong>qenuiuo</strong></span> <span class='ocrx_word' id='word_1_45' title='bbox 1212 831 1316 894; x_wconf 80' lang='lat' dir='ltr'><strong>testui</strong></span> <span class='ocrx_word' id='word_1_46' title='bbox 1329 827 1411 914; x_wconf 72' lang='lat' dir='ltr'><strong>ieyis</strong></span> 
     </span>
     <span class='ocr_line' id='line_1_7' title="bbox 295 911 1242 998; baseline -0.003 -19"><span class='ocrx_word' id='word_1_47' title='bbox 295 913 478 979; x_wconf 83' lang='lat' dir='ltr'><strong>Ribuariae</strong></span> <span class='ocrx_word' id='word_1_48' title='bbox 500 913 626 993; x_wconf 88' lang='lat' dir='ltr'><strong>desunt,</strong></span> <span class='ocrx_word' id='word_1_49' title='bbox 649 934 671 975; x_wconf 95' lang='lat' dir='ltr'><strong>a</strong></span> <span class='ocrx_word' id='word_1_50' title='bbox 691 911 800 976; x_wconf 71' lang='lat' dir='ltr'><strong>littera</strong></span> <span class='ocrx_word' id='word_1_51' title='bbox 822 911 960 998; x_wconf 74' lang='lat' dir='ltr'><strong>aulqata</strong></span> <span class='ocrx_word' id='word_1_52' title='bbox 976 921 1093 997; x_wconf 75' lang='lat' dir='ltr'><strong>postea</strong></span> <span class='ocrx_word' id='word_1_53' title='bbox 1116 913 1242 978; x_wconf 87' lang='lat' dir='ltr'><strong>addita.</strong></span> 
     </span>
    </p>
   </div>
   <div class='ocr_carea' id='block_1_3' title="bbox 472 1064 1232 1235">
    <p class='ocr_par' dir='ltr' id='par_1_4' title="bbox 472 1064 1232 1235">
     <span class='ocr_line' id='line_1_8' title="bbox 472 1064 1232 1235; baseline -0.003 -2"><span class='ocrx_word' id='word_1_54' title='bbox 472 1168 535 1233; x_wconf 81' lang='lat' dir='ltr'><strong>nn</strong></span> <span class='ocrx_word' id='word_1_55' title='bbox 558 1064 1232 1235; x_wconf 63' lang='lat' dir='ltr'><strong>00n101ssiipiiciinnnnna</strong></span> 
     </span>
    </p>
   </div>
   <div class='ocr_carea' id='block_1_4' title="bbox 810 1273 893 1355">
    <p class='ocr_par' dir='ltr' id='par_1_5' title="bbox 810 1273 893 1355">
     <span class='ocr_line' id='line_1_9' title="bbox 810 1273 893 1355; baseline -0.012 -18"><span class='ocrx_word' id='word_1_56' title='bbox 810 1276 840 1355; x_wconf 68' lang='lat' dir='ltr'><strong>s.</strong></span> <span class='ocrx_word' id='word_1_57' title='bbox 862 1273 893 1337; x_wconf 88' lang='lat' dir='ltr'><strong>s.</strong></span> 
     </span>
    </p>
   </div>
   <div class='ocr_carea' id='block_1_5' title="bbox 660 1373 1046 1440">
    <p class='ocr_par' dir='ltr' id='par_1_6' title="bbox 660 1373 1046 1440">
     <span class='ocr_line' id='line_1_10' title="bbox 660 1373 1046 1440; baseline -0.005 0"><span class='ocrx_word' id='word_1_58' title='bbox 660 1373 831 1440; x_wconf 82' lang='lat' dir='ltr'><strong>Classes</strong></span> <span class='ocrx_word' id='word_1_59' title='bbox 853 1375 1046 1439; x_wconf 88' lang='lat' dir='ltr'><strong>codicum.</strong></span> 
     </span>
    </p>
   </div>
   <div class='ocr_carea' id='block_1_6' title="bbox 189 1476 1413 2895">
    <p class='ocr_par' dir='ltr' id='par_1_7' title="bbox 287 1476 1413 2311">
     <span class='ocr_line' id='line_1_11' title="bbox 378 1476 1413 1562; baseline -0.001 -20"><span class='ocrx_word' id='word_1_60' title='bbox 378 1477 420 1542; x_wconf 89' lang='lat' dir='ltr'><strong>In</strong></span> <span class='ocrx_word' id='word_1_61' title='bbox 442 1477 631 1540; x_wconf 89' lang='lat' dir='ltr'><strong>uniuersum</strong></span> <span class='ocrx_word' id='word_1_62' title='bbox 653 1478 683 1540; x_wconf 90' lang='lat' dir='ltr'><strong>si</strong></span> <span class='ocrx_word' id='word_1_63' title='bbox 703 1484 895 1562; x_wconf 74' lang='lat' dir='ltr'><strong><em>spectamus,</em></strong></span> <span class='ocrx_word' id='word_1_64' title='bbox 918 1498 1026 1540; x_wconf 87' lang='lat' dir='ltr'><strong>amnes</strong></span> <span class='ocrx_word' id='word_1_65' title='bbox 1047 1476 1172 1541; x_wconf 88' lang='lat' dir='ltr'><strong>codices</strong></span> <span class='ocrx_word' id='word_1_66' title='bbox 1192 1478 1413 1562; x_wconf 78' lang='lat' dir='ltr'><strong>manuscripti</strong></span> 
     </span>
     <span class='ocr_line' id='line_1_12' title="bbox 295 1557 1412 1647; baseline -0.001 -22"><span class='ocrx_word' id='word_1_67' title='bbox 295 1562 375 1647; x_wconf 69' lang='lat' dir='ltr'><strong>leyis</strong></span> <span class='ocrx_word' id='word_1_68' title='bbox 395 1561 588 1641; x_wconf 82' lang='lat' dir='ltr'><strong>Ribuariae,</strong></span> <span class='ocrx_word' id='word_1_69' title='bbox 619 1559 691 1624; x_wconf 85' lang='lat' dir='ltr'><strong>licet</strong></span> <span class='ocrx_word' id='word_1_70' title='bbox 718 1558 834 1623; x_wconf 82' lang='lat' dir='ltr'><strong>multae</strong></span> <span class='ocrx_word' id='word_1_71' title='bbox 861 1557 1064 1644; x_wconf 57' lang='lat' dir='ltr'><strong>differentiae</strong></span> <span class='ocrx_word' id='word_1_72' title='bbox 1092 1562 1130 1622; x_wconf 89' lang='lat' dir='ltr'><strong>in</strong></span> <span class='ocrx_word' id='word_1_73' title='bbox 1150 1561 1292 1624; x_wconf 75' lang='lat' dir='ltr'><strong>rubricis</strong></span> <span class='ocrx_word' id='word_1_74' title='bbox 1316 1570 1412 1645; x_wconf 76' lang='lat' dir='ltr'><strong>atquc</strong></span> 
     </span>
     <span class='ocr_line' id='line_1_13' title="bbox 294 1642 1411 1723; baseline -0.002 -14"><span class='ocrx_word' id='word_1_75' title='bbox 294 1647 332 1709; x_wconf 88' lang='lat' dir='ltr'><strong>in</strong></span> <span class='ocrx_word' id='word_1_76' title='bbox 347 1666 480 1708; x_wconf 89' lang='lat' dir='ltr'><strong>numero</strong></span> <span class='ocrx_word' id='word_1_77' title='bbox 495 1643 661 1707; x_wconf 83' lang='lat' dir='ltr'><strong>titulorum</strong></span> <span class='ocrx_word' id='word_1_78' title='bbox 683 1645 908 1723; x_wconf 78' lang='lat' dir='ltr'><strong>inveniantur,</strong></span> <span class='ocrx_word' id='word_1_79' title='bbox 930 1642 1066 1706; x_wconf 89' lang='lat' dir='ltr'><strong>eundem</strong></span> <span class='ocrx_word' id='word_1_80' title='bbox 1087 1651 1193 1706; x_wconf 91' lang='lat' dir='ltr'><strong>tamen</strong></span> <span class='ocrx_word' id='word_1_81' title='bbox 1208 1652 1328 1707; x_wconf 73' lang='lat' dir='ltr'><strong>tecet-um</strong></span> <span class='ocrx_word' id='word_1_82' title='bbox 1342 1653 1411 1707; x_wconf 89' lang='lat' dir='ltr'><strong>tra·</strong></span> 
     </span>
     <span class='ocr_line' id='line_1_14' title="bbox 295 1723 1413 1810; baseline -0.001 -18"><span class='ocrx_word' id='word_1_83' title='bbox 295 1728 388 1793; x_wconf 89' lang='lat' dir='ltr'><strong>dunt.</strong></span> <span class='ocrx_word' id='word_1_84' title='bbox 435 1725 591 1800; x_wconf 85' lang='lat' dir='ltr'><strong>Quamuis</strong></span> <span class='ocrx_word' id='word_1_85' title='bbox 612 1726 698 1789; x_wconf 92' lang='lat' dir='ltr'><strong>enim</strong></span> <span class='ocrx_word' id='word_1_86' title='bbox 720 1732 773 1809; x_wconf 88' lang='lat' dir='ltr'><strong>(ut</strong></span> <span class='ocrx_word' id='word_1_87' title='bbox 794 1725 973 1810; x_wconf 72' lang='lat' dir='ltr'><strong>cuempiam</strong></span> <span class='ocrx_word' id='word_1_88' title='bbox 996 1723 1149 1809; x_wconf 85' lang='lat' dir='ltr'><strong>afferam)</strong></span> <span class='ocrx_word' id='word_1_89' title='bbox 1170 1725 1223 1790; x_wconf 82' lang='lat' dir='ltr'><strong>iera</strong></span> <span class='ocrx_word' id='word_1_90' title='bbox 1243 1727 1413 1791; x_wconf 85' lang='lat' dir='ltr'><strong>Ribuaria</strong></span> 
     </span>
     <span class='ocr_line' id='line_1_15' title="bbox 295 1808 1411 1894; baseline -0.002 -20"><span class='ocrx_word' id='word_1_91' title='bbox 295 1813 333 1874; x_wconf 87' lang='lat' dir='ltr'><strong>in</strong></span> <span class='ocrx_word' id='word_1_92' title='bbox 354 1809 463 1874; x_wconf 90' lang='lat' dir='ltr'><strong>codice</strong></span> <span class='ocrx_word' id='word_1_93' title='bbox 484 1809 550 1872; x_wconf 66' lang='lat' dir='ltr'><strong>At</strong></span> <span class='ocrx_word' id='word_1_94' title='bbox 572 1811 836 1894; x_wconf 68' lang='lat' dir='ltr'><strong>seccaqintatres,</strong></span> <span class='ocrx_word' id='word_1_95' title='bbox 858 1815 895 1873; x_wconf 90' lang='lat' dir='ltr'><strong>in</strong></span> <span class='ocrx_word' id='word_1_96' title='bbox 911 1811 1019 1873; x_wconf 88' lang='lat' dir='ltr'><strong>codice</strong></span> <span class='ocrx_word' id='word_1_97' title='bbox 1042 1808 1107 1871; x_wconf 90' lang='lat' dir='ltr'><strong>A3</strong></span> <span class='ocrx_word' id='word_1_98' title='bbox 1130 1811 1322 1894; x_wconf 74' lang='lat' dir='ltr'><strong>octuaqinta</strong></span> <span class='ocrx_word' id='word_1_99' title='bbox 1343 1832 1411 1893; x_wconf 82' lang='lat' dir='ltr'><strong>sea,</strong></span> 
     </span>
     <span class='ocr_line' id='line_1_16' title="bbox 295 1891 1410 1977; baseline 0 -20"><span class='ocrx_word' id='word_1_100' title='bbox 295 1895 333 1957; x_wconf 93' lang='lat' dir='ltr'><strong>iu</strong></span> <span class='ocrx_word' id='word_1_101' title='bbox 348 1893 457 1957; x_wconf 90' lang='lat' dir='ltr'><strong>codice</strong></span> <span class='ocrx_word' id='word_1_102' title='bbox 479 1894 545 1956; x_wconf 85' lang='lat' dir='ltr'><strong>A4</strong></span> <span class='ocrx_word' id='word_1_103' title='bbox 566 1894 752 1977; x_wconf 70' lang='lat' dir='ltr'><strong>nonaqinta</strong></span> <span class='ocrx_word' id='word_1_104' title='bbox 772 1914 884 1974; x_wconf 87' lang='lat' dir='ltr'><strong>unam,</strong></span> <span class='ocrx_word' id='word_1_105' title='bbox 905 1894 942 1957; x_wconf 87' lang='lat' dir='ltr'><strong>iu</strong></span> <span class='ocrx_word' id='word_1_106' title='bbox 957 1893 1065 1956; x_wconf 88' lang='lat' dir='ltr'><strong>codice</strong></span> <span class='ocrx_word' id='word_1_107' title='bbox 1080 1891 1111 1955; x_wconf 95' lang='lat' dir='ltr'><strong><em>A</em></strong></span> <span class='ocrx_word' id='word_1_108' title='bbox 1126 1894 1146 1957; x_wconf 86' lang='lat'>6</span> <span class='ocrx_word' id='word_1_109' title='bbox 1168 1903 1293 1957; x_wconf 88' lang='lat' dir='ltr'><strong>centum</strong></span> <span class='ocrx_word' id='word_1_110' title='bbox 1315 1901 1344 1957; x_wconf 78' lang='lat' dir='ltr'><strong>ei</strong></span> <span class='ocrx_word' id='word_1_111' title='bbox 1361 1896 1410 1957; x_wconf 87' lang='lat' dir='ltr'><strong>ai·</strong></span> 
     </span>
     <span class='ocr_line' id='line_1_17' title="bbox 296 1975 1410 2063; baseline -0.001 -22"><span class='ocrx_word' id='word_1_112' title='bbox 296 1977 384 2063; x_wconf 73' lang='lat' dir='ltr'><strong>qimi</strong></span> <span class='ocrx_word' id='word_1_113' title='bbox 399 1986 539 2061; x_wconf 76' lang='lat' dir='ltr'><strong>quatuor</strong></span> <span class='ocrx_word' id='word_1_114' title='bbox 552 1975 703 2040; x_wconf 80' lang='lat' dir='ltr'><strong>rubricas</strong></span> <span class='ocrx_word' id='word_1_115' title='bbox 720 1975 845 2058; x_wconf 85' lang='lat' dir='ltr'><strong>babeat,</strong></span> <span class='ocrx_word' id='word_1_116' title='bbox 868 1998 975 2039; x_wconf 85' lang='lat' dir='ltr'><strong>amnes</strong></span> <span class='ocrx_word' id='word_1_117' title='bbox 996 1986 1104 2039; x_wconf 84' lang='lat' dir='ltr'><strong>tamen</strong></span> <span class='ocrx_word' id='word_1_118' title='bbox 1125 1975 1178 2040; x_wconf 85' lang='lat' dir='ltr'><strong>iiii</strong></span> <span class='ocrx_word' id='word_1_119' title='bbox 1192 1977 1318 2040; x_wconf 87' lang='lat' dir='ltr'><strong>codices</strong></span> <span class='ocrx_word' id='word_1_120' title='bbox 1332 1999 1410 2040; x_wconf 91' lang='lat' dir='ltr'><strong>eun-</strong></span> 
     </span>
     <span class='ocr_line' id='line_1_18' title="bbox 297 2059 1413 2144; baseline 0 -21"><span class='ocrx_word' id='word_1_121' title='bbox 297 2059 367 2124; x_wconf 91' lang='lat' dir='ltr'><strong>dem</strong></span> <span class='ocrx_word' id='word_1_122' title='bbox 404 2069 524 2124; x_wconf 79' lang='lat' dir='ltr'><strong>tercium</strong></span> <span class='ocrx_word' id='word_1_123' title='bbox 563 2068 657 2144; x_wconf 78' lang='lat' dir='ltr'><strong>atque</strong></span> <span class='ocrx_word' id='word_1_124' title='bbox 690 2060 825 2123; x_wconf 89' lang='lat' dir='ltr'><strong>eundem</strong></span> <span class='ocrx_word' id='word_1_125' title='bbox 864 2082 925 2143; x_wconf 85' lang='lat' dir='ltr'><strong>quo</strong></span> <span class='ocrx_word' id='word_1_126' title='bbox 948 2082 987 2123; x_wconf 90' lang='lat' dir='ltr'><strong>ue</strong></span> <span class='ocrx_word' id='word_1_127' title='bbox 1020 2059 1166 2123; x_wconf 81' lang='lat' dir='ltr'><strong>ordinem</strong></span> <span class='ocrx_word' id='word_1_128' title='bbox 1198 2062 1413 2123; x_wconf 87' lang='lat' dir='ltr'><strong>materiarum</strong></span> 
     </span>
     <span class='ocr_line' id='line_1_19' title="bbox 296 2083 1412 2227; baseline -0.002 -21"><span class='ocrx_word' id='word_1_129' title='bbox 296 2143 424 2207; x_wconf 83' lang='lat' dir='ltr'><strong>babent.</strong></span> <span class='ocrx_word' id='word_1_130' title='bbox 470 2141 540 2216; x_wconf 79' lang='lat' dir='ltr'><strong>Quo</strong></span> <span class='ocrx_word' id='word_1_131' title='bbox 556 2144 608 2225; x_wconf 79' lang='lat' dir='ltr'><strong>fit,</strong></span> <span class='ocrx_word' id='word_1_132' title='bbox 631 2151 667 2206; x_wconf 91' lang='lat' dir='ltr'><strong>ut</strong></span> <span class='ocrx_word' id='word_1_133' title='bbox 688 2165 727 2210; x_wconf 82' lang='lat' dir='ltr'><strong>aaa</strong></span> <span class='ocrx_word' id='word_1_134' title='bbox 749 2142 914 2207; x_wconf 90' lang='lat' dir='ltr'><strong>codicibus</strong></span> <span class='ocrx_word' id='word_1_135' title='bbox 928 2083 1016 2227; x_wconf 61' lang='lat' dir='ltr'><strong>iocis</strong></span> <span class='ocrx_word' id='word_1_136' title='bbox 1037 2142 1224 2206; x_wconf 82' lang='lat' dir='ltr'><strong>Ribuariae</strong></span> <span class='ocrx_word' id='word_1_137' title='bbox 1245 2143 1331 2207; x_wconf 79' lang='lat' dir='ltr'><strong>nibil</strong></span> <span class='ocrx_word' id='word_1_138' title='bbox 1353 2151 1412 2206; x_wconf 83' lang='lat' dir='ltr'><strong>aut</strong></span> 
     </span>
     <span class='ocr_line' id='line_1_20' title="bbox 287 2224 1412 2311; baseline -0.002 -19"><span class='ocrx_word' id='word_1_139' title='bbox 287 2227 364 2311; x_wconf 84' lang='lat' dir='ltr'><strong>fere</strong></span> <span class='ocrx_word' id='word_1_140' title='bbox 386 2226 471 2292; x_wconf 85' lang='lat' dir='ltr'><strong>nibil</strong></span> <span class='ocrx_word' id='word_1_141' title='bbox 501 2227 541 2290; x_wconf 92' lang='lat' dir='ltr'><strong>de</strong></span> <span class='ocrx_word' id='word_1_142' title='bbox 574 2229 713 2291; x_wconf 78' lang='lat' dir='ltr'><strong>historia</strong></span> <span class='ocrx_word' id='word_1_143' title='bbox 745 2224 826 2311; x_wconf 74' lang='lat' dir='ltr'><strong>beqis</strong></span> <span class='ocrx_word' id='word_1_144' title='bbox 860 2227 1046 2290; x_wconf 83' lang='lat' dir='ltr'><strong>Bibuariae</strong></span> <span class='ocrx_word' id='word_1_145' title='bbox 1079 2225 1252 2290; x_wconf 91' lang='lat' dir='ltr'><strong>discamus.</strong></span> <span class='ocrx_word' id='word_1_146' title='bbox 1300 2225 1412 2311; x_wconf 67' lang='lat' dir='ltr'><strong>Lanae</strong></span> 
     </span>
    </p>

    <p class='ocr_par' dir='ltr' id='par_1_8' title="bbox 206 2309 1412 2458">
     <span class='ocr_line' id='line_1_21' title="bbox 206 2309 1412 2457; baseline -0.001 -83"><span class='ocrx_word' id='word_1_147' title='bbox 206 2339 209 2345; x_wconf 93' lang='lat'>·</span> <span class='ocrx_word' id='word_1_148' title='bbox 298 2310 394 2457; x_wconf 55' lang='grc' dir='ltr'><strong>ἴϋξεν</strong></span> <span class='ocrx_word' id='word_1_149' title='bbox 415 2313 520 2396; x_wconf 69' lang='lat' dir='ltr'><strong>iyitur</strong></span> <span class='ocrx_word' id='word_1_150' title='bbox 540 2311 578 2374; x_wconf 88' lang='lat' dir='ltr'><strong>in</strong></span> <span class='ocrx_word' id='word_1_151' title='bbox 599 2311 667 2397; x_wconf 74' lang='lat' dir='ltr'><strong>ieqe</strong></span> <span class='ocrx_word' id='word_1_152' title='bbox 688 2310 857 2375; x_wconf 77' lang='lat' dir='ltr'><strong>Bibaaria</strong></span> <span class='ocrx_word' id='word_1_153' title='bbox 878 2320 973 2396; x_wconf 80' lang='lat' dir='ltr'><strong>atque</strong></span> <span class='ocrx_word' id='word_1_154' title='bbox 995 2312 1032 2375; x_wconf 89' lang='lat' dir='ltr'><strong>in</strong></span> <span class='ocrx_word' id='word_1_155' title='bbox 1053 2310 1121 2394; x_wconf 67' lang='lat' dir='ltr'><strong>icae</strong></span> <span class='ocrx_word' id='word_1_156' title='bbox 1136 2309 1251 2375; x_wconf 72' lang='lat' dir='ltr'><strong>dolica</strong></span> <span class='ocrx_word' id='word_1_157' title='bbox 1273 2331 1325 2373; x_wconf 90' lang='lat' dir='ltr'><strong>res</strong></span> <span class='ocrx_word' id='word_1_158' title='bbox 1346 2331 1412 2373; x_wconf 88' lang='lat' dir='ltr'><strong>sese</strong></span> 
     </span>
     <span class='ocr_line' id='line_1_22' title="bbox 320 2404 400 2458; baseline 0 -1"><span class='ocrx_word' id='word_1_159' title='bbox 320 2404 400 2458; x_wconf 88' lang='lat' dir='ltr'><strong>aet.</strong></span> 
     </span>
    </p>

    <p class='ocr_par' dir='ltr' id='par_1_9' title="bbox 292 2473 1413 2728">
     <span class='ocr_line' id='line_1_23' title="bbox 380 2473 1411 2560; baseline -0.002 -20"><span class='ocrx_word' id='word_1_160' title='bbox 380 2476 436 2540; x_wconf 91' lang='lat' dir='ltr'><strong>Ad</strong></span> <span class='ocrx_word' id='word_1_161' title='bbox 457 2476 593 2560; x_wconf 64' lang='lat' dir='ltr'><strong>singula</strong></span> <span class='ocrx_word' id='word_1_162' title='bbox 615 2478 644 2540; x_wconf 91' lang='lat' dir='ltr'><strong>si</strong></span> <span class='ocrx_word' id='word_1_163' title='bbox 666 2477 811 2540; x_wconf 91' lang='lat' dir='ltr'><strong>animum</strong></span> <span class='ocrx_word' id='word_1_164' title='bbox 834 2477 1041 2557; x_wconf 76' lang='lat' dir='ltr'><strong>advertimus,</strong></span> <span class='ocrx_word' id='word_1_165' title='bbox 1064 2475 1182 2539; x_wconf 85' lang='lat' dir='ltr'><strong>multae</strong></span> <span class='ocrx_word' id='word_1_166' title='bbox 1197 2473 1411 2560; x_wconf 80' lang='lat' dir='ltr'><strong>differentiae,</strong></span> 
     </span>
     <span class='ocr_line' id='line_1_24' title="bbox 292 2558 1413 2644; baseline 0 -22"><span class='ocrx_word' id='word_1_167' title='bbox 292 2558 485 2644; x_wconf 75' lang='lat' dir='ltr'><strong>plerumque</strong></span> <span class='ocrx_word' id='word_1_168' title='bbox 513 2563 550 2624; x_wconf 90' lang='lat' dir='ltr'><strong>in</strong></span> <span class='ocrx_word' id='word_1_169' title='bbox 579 2558 683 2622; x_wconf 86' lang='lat' dir='ltr'><strong>uerbis</strong></span> <span class='ocrx_word' id='word_1_170' title='bbox 711 2559 789 2623; x_wconf 88' lang='lat' dir='ltr'><strong>solis</strong></span> <span class='ocrx_word' id='word_1_171' title='bbox 818 2568 912 2644; x_wconf 79' lang='lat' dir='ltr'><strong>atquc</strong></span> <span class='ocrx_word' id='word_1_172' title='bbox 935 2560 1091 2640; x_wconf 88' lang='lat' dir='ltr'><strong>oratioue,</strong></span> <span class='ocrx_word' id='word_1_173' title='bbox 1120 2560 1283 2623; x_wconf 88' lang='lat' dir='ltr'><strong>interdum</strong></span> <span class='ocrx_word' id='word_1_174' title='bbox 1312 2560 1349 2622; x_wconf 88' lang='lat' dir='ltr'><strong>in</strong></span> <span class='ocrx_word' id='word_1_175' title='bbox 1377 2581 1413 2622; x_wconf 90' lang='lat' dir='ltr'><strong>re</strong></span> 
     </span>
     <span class='ocr_line' id='line_1_25' title="bbox 297 2642 1412 2728; baseline 0 -22"><span class='ocrx_word' id='word_1_176' title='bbox 297 2645 375 2728; x_wconf 79' lang='lat' dir='ltr'><strong>ipsa</strong></span> <span class='ocrx_word' id='word_1_177' title='bbox 394 2645 431 2706; x_wconf 89' lang='lat' dir='ltr'><strong>in</strong></span> <span class='ocrx_word' id='word_1_178' title='bbox 446 2642 613 2707; x_wconf 76' lang='lat' dir='ltr'><strong>codicibus</strong></span> <span class='ocrx_word' id='word_1_179' title='bbox 628 2650 816 2723; x_wconf 88' lang='lat' dir='ltr'><strong>occurrunt,</strong></span> <span class='ocrx_word' id='word_1_180' title='bbox 834 2665 973 2726; x_wconf 83' lang='lat' dir='ltr'><strong>quarum</strong></span> <span class='ocrx_word' id='word_1_181' title='bbox 987 2643 1073 2707; x_wconf 88' lang='lat' dir='ltr'><strong>ratio</strong></span> <span class='ocrx_word' id='word_1_182' title='bbox 1090 2642 1242 2707; x_wconf 76' lang='lat' dir='ltr'><strong>habenda</strong></span> <span class='ocrx_word' id='word_1_183' title='bbox 1257 2651 1312 2707; x_wconf 86' lang='lat' dir='ltr'><strong>est.</strong></span> <span class='ocrx_word' id='word_1_184' title='bbox 1349 2643 1412 2706; x_wconf 93' lang='lat' dir='ltr'><strong>Im·</strong></span> 
     </span>
    </p>

    <p class='ocr_par' dir='ltr' id='par_1_10' title="bbox 189 2725 1411 2895">
     <span class='ocr_line' id='line_1_26' title="bbox 200 2725 1411 2813; baseline -0.001 -23"><span class='ocrx_word' id='word_1_185' title='bbox 200 2784 218 2807; x_wconf 47' lang='lat'><strong>‚.</strong></span> <span class='ocrx_word' id='word_1_186' title='bbox 292 2727 418 2809; x_wconf 77' lang='lat' dir='ltr'><strong>primis</strong></span> <span class='ocrx_word' id='word_1_187' title='bbox 434 2727 520 2789; x_wconf 87' lang='lat' dir='ltr'><strong>duae</strong></span> <span class='ocrx_word' id='word_1_188' title='bbox 535 2725 655 2789; x_wconf 84' lang='lat' dir='ltr'><strong>classes</strong></span> <span class='ocrx_word' id='word_1_189' title='bbox 674 2727 819 2789; x_wconf 88' lang='lat' dir='ltr'><strong>codicum</strong></span> <span class='ocrx_word' id='word_1_190' title='bbox 835 2728 1134 2810; x_wconf 77' lang='lat' dir='ltr'><strong>manuscriptorum</strong></span> <span class='ocrx_word' id='word_1_191' title='bbox 1157 2725 1411 2813; x_wconf 62' lang='lat' dir='ltr'><strong>distinguendae</strong></span> 
     </span>
     <span class='ocr_line' id='line_1_27' title="bbox 189 2807 1171 2895; baseline 0.001 -23"><span class='ocrx_word' id='word_1_192' title='bbox 189 2807 191 2813; x_wconf 77' lang='grc'><strong>’</strong></span> <span class='ocrx_word' id='word_1_193' title='bbox 297 2819 384 2891; x_wconf 82' lang='lat' dir='ltr'><strong>sunt,</strong></span> <span class='ocrx_word' id='word_1_194' title='bbox 407 2832 490 2894; x_wconf 75' lang='lat' dir='ltr'><strong>quas</strong></span> <span class='ocrx_word' id='word_1_195' title='bbox 512 2812 549 2873; x_wconf 87' lang='lat' dir='ltr'><strong>in</strong></span> <span class='ocrx_word' id='word_1_196' title='bbox 570 2810 711 2873; x_wconf 84' lang='lat' dir='ltr'><strong>editione</strong></span> <span class='ocrx_word' id='word_1_197' title='bbox 732 2809 849 2872; x_wconf 82' lang='lat' dir='ltr'><strong>litteris</strong></span> <span class='ocrx_word' id='word_1_198' title='bbox 870 2811 900 2871; x_wconf 87' lang='lat' dir='ltr'><strong><em>A</em></strong></span> <span class='ocrx_word' id='word_1_199' title='bbox 923 2819 952 2874; x_wconf 81' lang='lat' dir='ltr'><strong>et</strong></span> <span class='ocrx_word' id='word_1_200' title='bbox 972 2810 1004 2872; x_wconf 93' lang='lat' dir='ltr'><em>B</em></span> <span class='ocrx_word' id='word_1_201' title='bbox 1027 2811 1171 2895; x_wconf 71' lang='lat' dir='ltr'><strong>siquaoi.</strong></span> 
     </span>
    </p>
   </div>
   <div class='ocr_carea' id='block_1_7' title="bbox 749 2911 964 2976">
    <p class='ocr_par' dir='ltr' id='par_1_11' title="bbox 749 2911 964 2976">
     <span class='ocr_line' id='line_1_28' title="bbox 749 2911 964 2976; baseline -0.009 0"><span class='ocrx_word' id='word_1_202' title='bbox 749 2911 910 2976; x_wconf 86' lang='lat' dir='ltr'><strong>Oiassis</strong></span> <span class='ocrx_word' id='word_1_203' title='bbox 933 2911 964 2974; x_wconf 88' lang='lat' dir='ltr'><strong><em>A</em></strong></span> 
     </span>
    </p>
   </div>
   <div class='ocr_carea' id='block_1_8' title="bbox 21 2993 1436 4333">
    <p class='ocr_par' dir='ltr' id='par_1_12' title="bbox 298 2993 1413 3079">
     <span class='ocr_line' id='line_1_29' title="bbox 298 2993 1413 3079; baseline 0.002 -22"><span class='ocrx_word' id='word_1_204' title='bbox 298 2995 516 3079; x_wconf 79' lang='lat' dir='ltr'><strong>antiquiorem</strong></span> <span class='ocrx_word' id='word_1_205' title='bbox 531 2995 680 3079; x_wconf 87' lang='lat' dir='ltr'><strong>formam</strong></span> <span class='ocrx_word' id='word_1_206' title='bbox 693 2993 776 3079; x_wconf 72' lang='lat' dir='ltr'><strong>ieyis</strong></span> <span class='ocrx_word' id='word_1_207' title='bbox 790 2995 975 3060; x_wconf 83' lang='lat' dir='ltr'><strong>Ribuariae</strong></span> <span class='ocrx_word' id='word_1_208' title='bbox 990 2995 1125 3077; x_wconf 78' lang='lat' dir='ltr'><strong>eubibet,</strong></span> <span class='ocrx_word' id='word_1_209' title='bbox 1147 2997 1213 3060; x_wconf 89' lang='lat' dir='ltr'><strong>sive</strong></span> <span class='ocrx_word' id='word_1_210' title='bbox 1228 3017 1413 3075; x_wconf 85' lang='lat' dir='ltr'><strong>sermonem,</strong></span> 
     </span>
    </p>

    <p class='ocr_par' dir='ltr' id='par_1_13' title="bbox 280 3078 1412 3164">
     <span class='ocr_line' id='line_1_30' title="bbox 280 3078 1412 3164; baseline 0.001 -23"><span class='ocrx_word' id='word_1_211' title='bbox 280 3079 366 3151; x_wconf 18' lang='lat' dir='ltr'><strong>,siue</strong></span> <span class='ocrx_word' id='word_1_212' title='bbox 387 3086 526 3142; x_wconf 88' lang='lat' dir='ltr'><strong>tenorem</strong></span> <span class='ocrx_word' id='word_1_213' title='bbox 547 3078 628 3164; x_wconf 74' lang='lat' dir='ltr'><strong>leqis</strong></span> <span class='ocrx_word' id='word_1_214' title='bbox 649 3079 757 3163; x_wconf 79' lang='lat' dir='ltr'><strong>ipsius</strong></span> <span class='ocrx_word' id='word_1_215' title='bbox 779 3088 971 3162; x_wconf 79' lang='lat' dir='ltr'><strong>spectamus.</strong></span> <span class='ocrx_word' id='word_1_216' title='bbox 1013 3079 1091 3143; x_wconf 90' lang='lat' dir='ltr'><strong>Non</strong></span> <span class='ocrx_word' id='word_1_217' title='bbox 1106 3080 1209 3143; x_wconf 86' lang='lat' dir='ltr'><strong>solum</strong></span> <span class='ocrx_word' id='word_1_218' title='bbox 1223 3079 1343 3142; x_wconf 81' lang='lat' dir='ltr'><strong>multae</strong></span> <span class='ocrx_word' id='word_1_219' title='bbox 1358 3100 1412 3142; x_wconf 87' lang='lat' dir='ltr'><strong>oo-</strong></span> 
     </span>
    </p>

    <p class='ocr_par' dir='ltr' id='par_1_14' title="bbox 294 3160 1414 3245">
     <span class='ocr_line' id='line_1_31' title="bbox 294 3160 1414 3245; baseline 0 -21"><span class='ocrx_word' id='word_1_220' title='bbox 294 3177 349 3224; x_wconf 81' lang='lat' dir='ltr'><strong>·ces</strong></span> <span class='ocrx_word' id='word_1_221' title='bbox 367 3161 530 3225; x_wconf 90' lang='lat' dir='ltr'><strong>barbarae</strong></span> <span class='ocrx_word' id='word_1_222' title='bbox 553 3171 740 3241; x_wconf 88' lang='lat' dir='ltr'><strong>occurrunt,</strong></span> <span class='ocrx_word' id='word_1_223' title='bbox 761 3160 846 3225; x_wconf 82' lang='lat' dir='ltr'><strong>neiat</strong></span> <span class='ocrx_word' id='word_1_224' title='bbox 866 3171 994 3245; x_wconf 86' lang='lat' dir='ltr'><strong>texaga,</strong></span> <span class='ocrx_word' id='word_1_225' title='bbox 1016 3162 1139 3242; x_wconf 88' lang='lat' dir='ltr'><strong>werire,</strong></span> <span class='ocrx_word' id='word_1_226' title='bbox 1161 3162 1335 3242; x_wconf 86' lang='lat' dir='ltr'><strong>admanire,</strong></span> <span class='ocrx_word' id='word_1_227' title='bbox 1357 3162 1414 3225; x_wconf 85' lang='lat' dir='ltr'><strong>sed</strong></span> 
     </span>
    </p>

    <p class='ocr_par' dir='ltr' id='par_1_15' title="bbox 297 3243 1414 3330">
     <span class='ocr_line' id='line_1_32' title="bbox 297 3243 1414 3330; baseline 0.001 -24"><span class='ocrx_word' id='word_1_228' title='bbox 297 3243 438 3308; x_wconf 84' lang='lat' dir='ltr'><strong>Latinus</strong></span> <span class='ocrx_word' id='word_1_229' title='bbox 454 3267 577 3330; x_wconf 82' lang='lat' dir='ltr'><strong>quoque</strong></span> <span class='ocrx_word' id='word_1_230' title='bbox 592 3266 693 3308; x_wconf 89' lang='lat' dir='ltr'><strong>sermo</strong></span> <span class='ocrx_word' id='word_1_231' title='bbox 716 3254 891 3328; x_wconf 77' lang='lat' dir='ltr'><strong>corruptus</strong></span> <span class='ocrx_word' id='word_1_232' title='bbox 914 3254 1009 3329; x_wconf 79' lang='lat' dir='ltr'><strong>atque</strong></span> <span class='ocrx_word' id='word_1_233' title='bbox 1032 3243 1194 3307; x_wconf 88' lang='lat' dir='ltr'><strong>barbarae</strong></span> <span class='ocrx_word' id='word_1_234' title='bbox 1217 3246 1317 3307; x_wconf 88' lang='lat' dir='ltr'><strong>aetati</strong></span> <span class='ocrx_word' id='word_1_235' title='bbox 1338 3265 1414 3307; x_wconf 87' lang='lat' dir='ltr'><strong>con·</strong></span> 
     </span>
    </p>

    <p class='ocr_par' dir='ltr' id='par_1_16' title="bbox 192 3325 1414 3494">
     <span class='ocr_line' id='line_1_33' title="bbox 192 3325 1414 3412; baseline -0.001 -22"><span class='ocrx_word' id='word_1_236' title='bbox 192 3338 196 3401; x_wconf 76' lang='grc' dir='ltr'>ζ</span> <span class='ocrx_word' id='word_1_237' title='bbox 297 3350 420 3411; x_wconf 71' lang='lat' dir='ltr'><strong>qruens</strong></span> <span class='ocrx_word' id='word_1_238' title='bbox 449 3339 504 3394; x_wconf 85' lang='lat' dir='ltr'><strong>est.</strong></span> <span class='ocrx_word' id='word_1_239' title='bbox 547 3330 767 3392; x_wconf 87' lang='lat' dir='ltr'><strong>Inveniuntur</strong></span> <span class='ocrx_word' id='word_1_240' title='bbox 790 3337 966 3412; x_wconf 79' lang='lat' dir='ltr'><strong>praeterea</strong></span> <span class='ocrx_word' id='word_1_241' title='bbox 993 3329 1031 3390; x_wconf 92' lang='lat' dir='ltr'><strong>in</strong></span> <span class='ocrx_word' id='word_1_242' title='bbox 1058 3327 1223 3391; x_wconf 82' lang='lat' dir='ltr'><strong>codicibus</strong></span> <span class='ocrx_word' id='word_1_243' title='bbox 1244 3325 1360 3390; x_wconf 83' lang='lat' dir='ltr'><strong>classis</strong></span> <span class='ocrx_word' id='word_1_244' title='bbox 1381 3328 1414 3389; x_wconf 90' lang='lat' dir='ltr'><strong><em>A</em></strong></span> 
     </span>
     <span class='ocr_line' id='line_1_34' title="bbox 276 3409 1414 3494; baseline -0.001 -21"><span class='ocrx_word' id='word_1_245' title='bbox 276 3412 427 3475; x_wconf 58' lang='lat' dir='ltr'><strong>*numeri</strong></span> <span class='ocrx_word' id='word_1_246' title='bbox 455 3412 655 3476; x_wconf 88' lang='lat' dir='ltr'><strong>distributiui</strong></span> <span class='ocrx_word' id='word_1_247' title='bbox 684 3411 850 3494; x_wconf 79' lang='lat' dir='ltr'><strong>duplicati</strong></span> <span class='ocrx_word' id='word_1_248' title='bbox 878 3421 936 3475; x_wconf 81' lang='lat' dir='ltr'><strong>aut</strong></span> <span class='ocrx_word' id='word_1_249' title='bbox 962 3409 1131 3494; x_wconf 76' lang='lat' dir='ltr'><strong>triplicati,</strong></span> <span class='ocrx_word' id='word_1_250' title='bbox 1159 3409 1277 3492; x_wconf 81' lang='lat' dir='ltr'><strong>quibus</strong></span> <span class='ocrx_word' id='word_1_251' title='bbox 1299 3418 1414 3474; x_wconf 88' lang='lat' dir='ltr'><strong>auctor</strong></span> 
     </span>
    </p>

    <p class='ocr_par' dir='ltr' id='par_1_17' title="bbox 21 3494 1414 3745">
     <span class='ocr_line' id='line_1_35' title="bbox 114 3494 1413 3580; baseline -0.005 -17"><span class='ocrx_word' id='word_1_252' title='bbox 114 3538 117 3543; x_wconf 92' lang='lat'><em>-</em></span> <span class='ocrx_word' id='word_1_253' title='bbox 191 3504 287 3575; x_wconf 59' lang='lat' dir='ltr'><strong>*paon</strong></span> <span class='ocrx_word' id='word_1_254' title='bbox 298 3495 460 3559; x_wconf 88' lang='lat' dir='ltr'><strong>secundae</strong></span> <span class='ocrx_word' id='word_1_255' title='bbox 470 3497 583 3580; x_wconf 77' lang='lat' dir='ltr'><strong>partis</strong></span> <span class='ocrx_word' id='word_1_256' title='bbox 597 3494 678 3578; x_wconf 63' lang='lat' dir='ltr'><strong>legis</strong></span> <span class='ocrx_word' id='word_1_257' title='bbox 692 3495 877 3559; x_wconf 81' lang='lat' dir='ltr'><strong>Ribuariae</strong></span> <span class='ocrx_word' id='word_1_258' title='bbox 893 3495 989 3558; x_wconf 78' lang='lat' dir='ltr'><strong>risus*</strong></span> <span class='ocrx_word' id='word_1_259' title='bbox 1003 3503 1083 3574; x_wconf 83' lang='lat' dir='ltr'><strong>erat,</strong></span> <span class='ocrx_word' id='word_1_260' title='bbox 1104 3516 1183 3579; x_wconf 82' lang='lat' dir='ltr'><strong>quas</strong></span> <span class='ocrx_word' id='word_1_261' title='bbox 1198 3503 1303 3556; x_wconf 91' lang='lat' dir='ltr'><strong>tamen</strong></span> <span class='ocrx_word' id='word_1_262' title='bbox 1321 3502 1413 3557; x_wconf 82' lang='lat' dir='ltr'><strong>aetas</strong></span> 
     </span>
     <span class='ocr_line' id='line_1_36' title="bbox 21 3576 1414 3662; baseline -0.001 -20"><span class='ocrx_word' id='word_1_263' title='bbox 21 3576 24 3584; x_wconf 69' lang='grc'><strong>“</strong></span> <span class='ocrx_word' id='word_1_264' title='bbox 272 3581 606 3662; x_wconf 67' lang='lat' dir='ltr'><strong>⁴‚posteriorrespuit</strong></span> <span class='ocrx_word' id='word_1_265' title='bbox 628 3578 707 3660; x_wconf 85' lang='lat' dir='ltr'><strong>(cfr.</strong></span> <span class='ocrx_word' id='word_1_266' title='bbox 727 3601 831 3660; x_wconf 80' lang='lat' dir='ltr'><strong>supra</strong></span> <span class='ocrx_word' id='word_1_267' title='bbox 850 3585 880 3656; x_wconf 46' lang='grc' dir='ltr'><strong>Αἵ.</strong></span> <span class='ocrx_word' id='word_1_268' title='bbox 897 3580 944 3658; x_wconf 87' lang='grc'><strong>3).</strong></span> <span class='ocrx_word' id='word_1_269' title='bbox 987 3577 1132 3641; x_wconf 91' lang='lat' dir='ltr'><strong>Numero</strong></span> <span class='ocrx_word' id='word_1_270' title='bbox 1155 3587 1249 3661; x_wconf 81' lang='lat' dir='ltr'><strong>atque</strong></span> <span class='ocrx_word' id='word_1_271' title='bbox 1270 3577 1414 3640; x_wconf 88' lang='lat' dir='ltr'><strong>rubricis</strong></span> 
     </span>
     <span class='ocr_line' id='line_1_37' title="bbox 298 3659 1413 3745; baseline -0.003 -22"><span class='ocrx_word' id='word_1_272' title='bbox 298 3662 466 3727; x_wconf 82' lang='lat' dir='ltr'><strong>titulorum</strong></span> <span class='ocrx_word' id='word_1_273' title='bbox 488 3663 613 3727; x_wconf 90' lang='lat' dir='ltr'><strong>codices</strong></span> <span class='ocrx_word' id='word_1_274' title='bbox 634 3661 750 3725; x_wconf 78' lang='lat' dir='ltr'><strong>classis</strong></span> <span class='ocrx_word' id='word_1_275' title='bbox 765 3661 796 3725; x_wconf 88' lang='lat' dir='ltr'><strong><em>A</em></strong></span> <span class='ocrx_word' id='word_1_276' title='bbox 817 3661 912 3725; x_wconf 84' lang='lat' dir='ltr'><strong>ualde</strong></span> <span class='ocrx_word' id='word_1_277' title='bbox 933 3662 1020 3724; x_wconf 86' lang='lat' dir='ltr'><strong>inter</strong></span> <span class='ocrx_word' id='word_1_278' title='bbox 1041 3682 1073 3724; x_wconf 88' lang='lat' dir='ltr'><strong>se</strong></span> <span class='ocrx_word' id='word_1_279' title='bbox 1092 3659 1259 3745; x_wconf 73' lang='lat' dir='ltr'><strong>differam.</strong></span> <span class='ocrx_word' id='word_1_280' title='bbox 1305 3661 1413 3726; x_wconf 80' lang='lat' dir='ltr'><strong>Cadere</strong></span> 
     </span>
    </p>

    <p class='ocr_par' dir='ltr' id='par_1_18' title="bbox 297 3741 1412 3831">
     <span class='ocr_line' id='line_1_38' title="bbox 297 3741 1412 3831; baseline -0.006 -22"><span class='ocrx_word' id='word_1_281' title='bbox 297 3745 362 3820; x_wconf 92' lang='lat' dir='ltr'><strong>Al</strong></span> <span class='ocrx_word' id='word_1_282' title='bbox 393 3768 494 3831; x_wconf 80' lang='lat' dir='ltr'><strong>neque</strong></span> <span class='ocrx_word' id='word_1_283' title='bbox 523 3746 664 3811; x_wconf 88' lang='lat' dir='ltr'><strong>indicem</strong></span> <span class='ocrx_word' id='word_1_284' title='bbox 693 3767 794 3830; x_wconf 76' lang='lat' dir='ltr'><strong>neque</strong></span> <span class='ocrx_word' id='word_1_285' title='bbox 820 3746 972 3808; x_wconf 90' lang='lat' dir='ltr'><strong>rubricas</strong></span> <span class='ocrx_word' id='word_1_286' title='bbox 1001 3767 1102 3829; x_wconf 80' lang='lat' dir='ltr'><strong>neque</strong></span> <span class='ocrx_word' id='word_1_287' title='bbox 1124 3744 1224 3808; x_wconf 84' lang='lat' dir='ltr'><strong>uliam</strong></span> <span class='ocrx_word' id='word_1_288' title='bbox 1247 3741 1412 3808; x_wconf 85' lang='lat' dir='ltr'><strong>titulorum</strong></span> 
     </span>
    </p>

    <p class='ocr_par' dir='ltr' id='par_1_19' title="bbox 239 3823 1412 3998">
     <span class='ocr_line' id='line_1_39' title="bbox 239 3823 1412 3913; baseline -0.005 -21"><span class='ocrx_word' id='word_1_289' title='bbox 239 3865 240 3869; x_wconf 61' lang='lat'><em>=</em></span> <span class='ocrx_word' id='word_1_290' title='bbox 298 3838 357 3892; x_wconf 88' lang='lat' dir='ltr'><strong>aut</strong></span> <span class='ocrx_word' id='word_1_291' title='bbox 385 3832 530 3913; x_wconf 76' lang='lat' dir='ltr'><strong>capitum</strong></span> <span class='ocrx_word' id='word_1_292' title='bbox 559 3830 753 3894; x_wconf 88' lang='lat' dir='ltr'><strong>diuisionem</strong></span> <span class='ocrx_word' id='word_1_293' title='bbox 782 3828 883 3907; x_wconf 87' lang='lat' dir='ltr'><strong>babet,</strong></span> <span class='ocrx_word' id='word_1_294' title='bbox 914 3828 992 3893; x_wconf 90' lang='lat' dir='ltr'><strong>salis</strong></span> <span class='ocrx_word' id='word_1_295' title='bbox 1021 3829 1199 3893; x_wconf 91' lang='lat' dir='ltr'><strong>maioribus</strong></span> <span class='ocrx_word' id='word_1_296' title='bbox 1226 3823 1412 3892; x_wconf 84' lang='lat' dir='ltr'><strong>initialibus</strong></span> 
     </span>
     <span class='ocr_line' id='line_1_40' title="bbox 297 3907 1412 3998; baseline -0.005 -24"><span class='ocrx_word' id='word_1_297' title='bbox 297 3911 412 3975; x_wconf 77' lang='lat' dir='ltr'><strong>litteris</strong></span> <span class='ocrx_word' id='word_1_298' title='bbox 427 3909 579 3998; x_wconf 72' lang='lat' dir='ltr'><strong>sin&#39;yulas</strong></span> <span class='ocrx_word' id='word_1_299' title='bbox 596 3913 625 3976; x_wconf 87' lang='lat' dir='ltr'><strong>le</strong></span> <span class='ocrx_word' id='word_1_300' title='bbox 649 3935 681 3977; x_wconf 91' lang='lat' dir='ltr'><strong>es</strong></span> <span class='ocrx_word' id='word_1_301' title='bbox 696 3913 912 3997; x_wconf 69' lang='lat' dir='ltr'><strong>distinyuens.</strong></span> <span class='ocrx_word' id='word_1_302' title='bbox 955 3912 1078 3976; x_wconf 85' lang='lat' dir='ltr'><strong>Eodem</strong></span> <span class='ocrx_word' id='word_1_303' title='bbox 1091 3915 1185 3977; x_wconf 89' lang='lat' dir='ltr'><strong>modo</strong></span> <span class='ocrx_word' id='word_1_304' title='bbox 1200 3910 1299 3974; x_wconf 79' lang='lat' dir='ltr'><strong>codem</strong></span> <span class='ocrx_word' id='word_1_305' title='bbox 1314 3909 1345 3970; x_wconf 92' lang='lat' dir='ltr'><strong><em>A</em></strong></span> <span class='ocrx_word' id='word_1_306' title='bbox 1361 3907 1412 3988; x_wconf 89' lang='lat'><strong>11,</strong></span> 
     </span>
    </p>

    <p class='ocr_par' dir='ltr' id='par_1_20' title="bbox 298 3936 1413 4082">
     <span class='ocr_line' id='line_1_41' title="bbox 298 3936 1413 4082; baseline -0.004 -24"><span class='ocrx_word' id='word_1_307' title='bbox 298 3997 356 4082; x_wconf 79' lang='lat' dir='ltr'><strong>qui</strong></span> <span class='ocrx_word' id='word_1_308' title='bbox 374 3995 603 4081; x_wconf 70' lang='lat' dir='ltr'><strong>fraymentum</strong></span> <span class='ocrx_word' id='word_1_309' title='bbox 625 3936 714 4080; x_wconf 70' lang='lat' dir='ltr'><strong>ieqis</strong></span> <span class='ocrx_word' id='word_1_310' title='bbox 735 3996 919 4060; x_wconf 78' lang='lat' dir='ltr'><strong>Ribuariae</strong></span> <span class='ocrx_word' id='word_1_311' title='bbox 947 3997 1083 4075; x_wconf 81' lang='lat' dir='ltr'><strong>eubibet,</strong></span> <span class='ocrx_word' id='word_1_312' title='bbox 1113 4001 1282 4076; x_wconf 78' lang='lat' dir='ltr'><strong>conceptus</strong></span> <span class='ocrx_word' id='word_1_313' title='bbox 1300 3991 1413 4075; x_wconf 86' lang='lat' dir='ltr'><strong>fuisse</strong></span> 
     </span>
    </p>

    <p class='ocr_par' dir='ltr' id='par_1_21' title="bbox 292 4074 1436 4248">
     <span class='ocr_line' id='line_1_42' title="bbox 297 4074 1436 4162; baseline -0.006 -18"><span class='ocrx_word' id='word_1_314' title='bbox 297 4080 435 4144; x_wconf 81' lang='lat' dir='ltr'><strong>uidetur.</strong></span> <span class='ocrx_word' id='word_1_315' title='bbox 478 4079 612 4162; x_wconf 78' lang='lat' dir='ltr'><strong>Reliqui</strong></span> <span class='ocrx_word' id='word_1_316' title='bbox 626 4081 751 4144; x_wconf 90' lang='lat' dir='ltr'><strong>codices</strong></span> <span class='ocrx_word' id='word_1_317' title='bbox 766 4078 797 4142; x_wconf 90' lang='lat' dir='ltr'><strong><em>A</em></strong></span> <span class='ocrx_word' id='word_1_318' title='bbox 818 4081 958 4144; x_wconf 88' lang='lat' dir='ltr'><strong>indicem</strong></span> <span class='ocrx_word' id='word_1_319' title='bbox 979 4080 1186 4144; x_wconf 90' lang='lat' dir='ltr'><strong>rubricarum</strong></span> <span class='ocrx_word' id='word_1_320' title='bbox 1207 4076 1311 4138; x_wconf 85' lang='lat' dir='ltr'><strong>teutui</strong></span> <span class='ocrx_word' id='word_1_321' title='bbox 1331 4074 1436 4159; x_wconf 62' lang='lat' dir='ltr'><strong>leuis,</strong></span> 
     </span>
     <span class='ocr_line' id='line_1_43' title="bbox 292 4158 1414 4248; baseline -0.005 -22"><span class='ocrx_word' id='word_1_322' title='bbox 292 4165 519 4248; x_wconf 76' lang='lat' dir='ltr'><strong>praemittunt,</strong></span> <span class='ocrx_word' id='word_1_323' title='bbox 546 4166 582 4226; x_wconf 91' lang='lat' dir='ltr'><strong>in</strong></span> <span class='ocrx_word' id='word_1_324' title='bbox 605 4160 672 4244; x_wconf 72' lang='lat' dir='ltr'><strong>leae</strong></span> <span class='ocrx_word' id='word_1_325' title='bbox 695 4165 772 4247; x_wconf 79' lang='lat' dir='ltr'><strong>ipsa</strong></span> <span class='ocrx_word' id='word_1_326' title='bbox 789 4163 981 4248; x_wconf 75' lang='lat' dir='ltr'><strong>plerumque</strong></span> <span class='ocrx_word' id='word_1_327' title='bbox 1004 4185 1070 4225; x_wconf 90' lang='lat' dir='ltr'><strong>non</strong></span> <span class='ocrx_word' id='word_1_328' title='bbox 1091 4160 1242 4239; x_wconf 88' lang='lat' dir='ltr'><strong>rubricis,</strong></span> <span class='ocrx_word' id='word_1_329' title='bbox 1274 4158 1331 4220; x_wconf 86' lang='lat' dir='ltr'><strong>sed</strong></span> <span class='ocrx_word' id='word_1_330' title='bbox 1352 4180 1414 4222; x_wconf 90' lang='lat' dir='ltr'><strong>nu·</strong></span> 
     </span>
    </p>

    <p class='ocr_par' dir='ltr' id='par_1_22' title="bbox 296 4241 1415 4333">
     <span class='ocr_line' id='line_1_44' title="bbox 296 4241 1415 4333; baseline -0.007 -19"><span class='ocrx_word' id='word_1_331' title='bbox 296 4249 394 4314; x_wconf 89' lang='lat' dir='ltr'><strong>meris</strong></span> <span class='ocrx_word' id='word_1_332' title='bbox 420 4256 548 4311; x_wconf 87' lang='lat' dir='ltr'><strong>tantum</strong></span> <span class='ocrx_word' id='word_1_333' title='bbox 576 4246 744 4333; x_wconf 80' lang='lat' dir='ltr'><strong>titulorum</strong></span> <span class='ocrx_word' id='word_1_334' title='bbox 772 4249 928 4330; x_wconf 76' lang='lat' dir='ltr'><strong>repetitis.</strong></span> <span class='ocrx_word' id='word_1_335' title='bbox 972 4246 1077 4308; x_wconf 85' lang='lat' dir='ltr'><strong>Habet</strong></span> <span class='ocrx_word' id='word_1_336' title='bbox 1099 4253 1204 4307; x_wconf 89' lang='lat' dir='ltr'><strong>autem</strong></span> <span class='ocrx_word' id='word_1_337' title='bbox 1225 4243 1325 4306; x_wconf 79' lang='lat' dir='ltr'><strong>codem</strong></span> <span class='ocrx_word' id='word_1_338' title='bbox 1348 4241 1415 4306; x_wconf 71' lang='lat' dir='ltr'><strong>Aa</strong></span> 
     </span>
    </p>
   </div>
   <div class='ocr_carea' id='block_1_9' title="bbox 0 0 1483 4944">
    <p class='ocr_par' dir='ltr' id='par_1_23' title="bbox 0 0 1483 4944">
     <span class='ocr_line' id='line_1_45' title="bbox 0 0 1483 4944; baseline 0 0"><span class='ocrx_word' id='word_1_339' title='bbox 0 0 1483 4944; x_wconf 95' lang='lat' dir='ltr'><strong> </strong></span> 
     </span>
    </p>
   </div>
  </div>
 </body>
</html>
