2956 4944
601 322 819 382 PRAEFATIO.
1232 324 1265 378 13

154 522 227 565 nem
247 501 374 584 rapiam
395 498 435 562 ele
450 498 762 562 manumissionibus
784 498 848 580 (tit.
870 495 921 560 57.
943 496 994 560 58.
1017 496 1068 560 61.
1090 495 1148 574 62)
1171 504 1267 581 atquc

155 585 194 649 de
223 582 478 647 alienationibus
506 592 671 645 terrarum
700 583 763 664 (tit.
793 580 844 648 59.
874 579 924 660 60,
954 604 980 642 c.
1011 582 1058 659 1),
1086 599 1170 662 quae
1200 601 1266 644 uno

154 676 261 732 tenore
289 667 479 730 continetur.
524 667 604 728 Tam
632 673 736 728 status
764 664 960 742 libertorum,
990 664 1047 747 qui
1069 670 1128 725 aut
1150 685 1171 725 a
1192 685 1267 747 repe
1357 718 1361 729 ,

155 753 220 833 (tit.
243 748 301 830 57)
325 758 383 813 aut
404 748 444 812 ab
466 746 600 812 ecclesia
622 753 639 828 (
640 751 686 812 tit.
708 747 767 827 58)
790 746 979 825 solemniter,
1002 754 1060 808 aut
1082 769 1103 809 a
1120 747 1267 828 priuatis

155 832 382 920 quovismodo
405 833 469 915 (tit.
492 831 543 896 61.
565 830 623 911 62)
646 833 930 909 manumittuntur,
954 851 1051 912 quam
1074 851 1154 892 usus
1175 830 1268 894 etnis

155 926 250 1001 atque
278 925 424 998 potestas
456 916 744 979 instrumentorum
776 915 841 996 (tit.
874 912 925 993 59,
958 912 1009 991 60,
1041 935 1067 975 c.
1102 913 1138 992 1)
1171 913 1267 977 certis

153 999 378 1063 sanctionibus
389 1007 584 1062 coercentur.
617 998 756 1082 Repiam
767 997 1022 1061 constitutionem
1033 994 1136 1058 titulis
1148 996 1268 1059 nostris

154 1083 324 1163 contineri,
348 1081 567 1165 compluribus
587 1081 667 1145 locis
689 1081 939 1159 demonstratur,
962 1077 1022 1162 cfr.
1046 1081 1093 1142 tit.
1112 1076 1163 1158 57,
1187 1103 1213 1141 c.
1230 1078 1267 1142 1:

153 1164 333 1230 nullatenus
361 1165 590 1249 permittimus3
619 1167 667 1228 tit.
689 1163 741 1244 57,
771 1188 797 1228 c.
819 1164 859 1226 4:
887 1161 964 1225 fisco
992 1169 1116 1243 nostr03
1145 1161 1193 1225 tit.
1216 1161 1267 1242 58,
1352 1160 1354 1165 ’
1464 1158 1477 1163 '⁴

154 1272 179 1313 c.
205 1252 242 1313 1:
264 1248 337 1312 Hoc
358 1249 453 1312 etiam
473 1248 637 1329 iubemus3
668 1249 716 1310 tit.
737 1245 789 1326 58,
816 1272 843 1309 o.
865 1246 904 1310 2:
931 1242 1084 1309 inlicitum
1107 1244 1276 1321 ducimus3-

153 1334 202 1395 tit.
223 1331 275 1412 58,
298 1356 324 1395 c.
340 1331 377 1395 7.·
400 1330 482 1395 sieut
503 1332 649 1414 superius
672 1330 812 1395 scribere
833 1329 998 1408 iussimus3
1020 1330 1068 1392 tit.
1090 1328 1141 1408 58,
1162 1353 1188 1392 c.
1213 1328 1268 1398 19.·Ι

152 1413 226 1479 Hoc
247 1415 342 1478 etiam
366 1415 608 1495 constituemus3
635 1414 683 1477 tit.
705 1412 757 1493 59,
784 1436 810 1476 a.
833 1411 871 1476 7:
901 1411 998 1491 Quod
1025 1411 1064 1474 de
1091 1409 1268 1477 vinditiano

153 1498 418 1581 consumpsimus,
456 1496 537 1561 haec
568 1505 600 1561 et
632 1496 672 1561 de
704 1495 874 1559 donatione
906 1494 1143 1559 constituemus.
1197 1494 1269 1558 Hoc

153 1590 261 1646 autem
283 1580 527 1662 constituemus,
550 1581 596 1643 tit.
618 1580 670 1662 59,
693 1604 719 1643 c.
742 1580 781 1643 9.·
803 1579 1026 1663 permittimus.
1326 1596 1333 1603 ·

235 1665 286 1727 De
308 1673 365 1728 tem
394 1686 458 1745 ore,
485 1686 547 1749 quo
571 1663 756 1728 constitutio
778 1663 857 1726 baec
878 1663 972 1747 sepia
994 1661 1064 1725 lata
1085 1661 1137 1740 sit,
1161 1659 1268 1744 plura

154 1755 347 1834 arpumenta
365 1687 470 1811 lucem
491 1745 643 1831 afferunt.

239 1834 274 1911 1)
296 1830 390 1895 Plebs
411 1830 596 1895 libertorum
622 1832 660 1895 in
681 1852 838 1915 mapnum
860 1849 1027 1893 numerum
1049 1825 1164 1912 effusa,
1192 1850 1267 1892 con·

153 1915 350 1979 stitutionem
365 1916 491 1999 rapiam
507 1914 626 1979 elicuit.
666 1913 907 1998 Anpustiarum
922 1913 1028 1997 ipitur
1043 1913 1268 1997 antiquiorum

152 2006 330 2083 temporum
351 1996 420 2061 loco
442 1997 628 2082 latifundia
649 1999 718 2061 iam
740 2005 812 2061 orta
833 2005 936 2060 erant.
983 1993 1074 2067 Quae
1089 2018 1140 2060 res
1154 1993 1267 2060 in'du·

153 2090 229 2144 catu
250 2080 414 2145 Ribuario
436 2104 503 2146 mon
526 2090 601 2146 ante
622 2081 800 2146 secundam
816 2088 948 2166 partem
969 2078 1095 2144 saeculi
1115 2081 1200 2144 senti
1219 2081 1267 2143 oi-

152 2164 247 2228 detur
268 2166 418 2228 euenisse.

237 2247 274 2328 2)
299 2247 428 2327 Cariae,
450 2248 568 2330 quibus
582 2248 715 2331 nepotia
736 2255 764 2310 et
784 2245 1005 2331 perficiuntur
1025 2253 1055 2307 et
1071 2243 1269 2328 probantur,

153 2332 264 2393 ciure
284 2330 509 2394 Romanorum
537 2339 694 2412 receptae,
717 2350 914 2414 quamquam
941 2329 1010 2390 iam
1038 2330 1074 2391 in
1097 2349 1160 2391 usu
1181 2337 1268 2407 sunt,

145 2413 227 2496 fieri
247 2422 352 2477 tamen
371 2422 487 2498 potest,
509 2423 544 2478 ut
567 2422 666 2478 emtor
677 2413 787 2497 suendi
806 2419 1032 2475 testamentum
1046 2412 1190 2494 accipere
1205 2430 1269 2473 non
1325 2463 1328 2469 ,

152 2496 293 2582 potuerit
315 2498 379 2579 (tit.
402 2497 453 2577 60,
475 2521 502 2562 c.
526 2497 572 2578 1).
622 2497 706 2560 Usus
728 2505 896 2560 cartarum
916 2518 1027 2559 recens
1050 2503 1105 2577 est,
1134 2495 1207 2559 idco
1229 2517 1269 2558 ue

154 2582 379 2648 constitutione
411 2583 507 2666 repia
539 2589 709 2644 coercetur.
770 2578 865 2652 Quod
896 2580 1004 2662 mauis
1034 2581 1071 2643 in
1104 2599 1178 2644 saec
1215 2600 1269 2641 um

153 2675 279 2729 sentum
301 2686 400 2749 quam
420 2666 458 2728 in
475 2665 689 2748 posteriorem
711 2671 844 2726 aetatem
887 2646 1020 2726 uadrat.

237 2749 274 2828 3)
298 2746 565 2812 Arcbidiaconus
587 2748 848 2830 compositionem
862 2685 1086 2810 blomanorum
1106 2747 1146 2829 (i.
1168 2767 1194 2809 e.
1217 2744 1268 2809 di·
1304 2793 1310 2815 ,

152 2830 291 2894 midiam
318 2831 539 2911 Francorum)
569 2830 663 2894 solvit
691 2831 754 2912 (tit.
776 2830 827 2908 59,
857 2853 883 2893 c.
906 2830 954 2908 6).
1000 2829 1156 2894 Constare
1185 2829 1271 2892 enirn
1302 2823 1320 2849 ²

153 2921 292 2996 ternpore
315 2915 555 2977 constitutionis
577 2921 710 2977 nostrae
738 2912 876 2990 uidetur,
907 2913 1178 2976 archidiaconum
1202 2911 1268 2975 Ilo·
1296 2945 1309 3000 ς

153 3017 287 3059 manum
309 3017 387 3074 esse,
414 3017 480 3058 non
503 2997 669 3058 Francum
692 2994 771 3077 (cfr.
793 2997 841 3056 tit.
864 2995 915 3073 36,
943 3018 968 3059 c.
985 2995 1032 3072 5).
1086 2992 1182 3067 Quod
1202 2992 1270 3058 solo
1296 3006 1310 3057 τῖ’

154 3076 283 3142 saeculo
304 3086 393 3140 sento
407 3077 488 3158 fleri
502 3080 624 3160 potuit,
646 3100 718 3141 curn
732 3078 859 3140 Franci
873 3078 1033 3142 Ribuarii
1055 3077 1100 3141 ad
1116 3077 1268 3141 christia·
1296 3119 1304 3135 .

155 3183 232 3308 narp
252 3161 355 3243 fidem
383 3182 494 3224 recens
523 3162 686 3243 conuersi,
719 3163 759 3224 ab
788 3159 922 3226 ecclesia
950 3159 1053 3225 alieni
1081 3161 1189 3226 adbuc
1219 3165 1297 3224 esc-¹

152 3247 213 3309 iste
235 3255 303 3308 ant.
1294 3260 1304 3269 ““

237 3328 275 3408 4)
298 3328 349 3392 De
372 3328 556 3392 bominibus
578 3328 802 3393 ecclesiasticis
824 3330 890 3392 siue
912 3327 1099 3409 tabulariis,
1121 3327 1159 3391 id
1173 3337 1218 3392 est
1232 3327 1271 3391 dc

153 3408 276 3475 libertis
306 3415 342 3476 in
373 3411 508 3476 ecclesia
536 3413 756 3492 manumissis,
785 3413 950 3496 imprimis
973 3412 1011 3476 de
1032 3411 1271 3491 iurisdictione,

152 3515 251 3577 quam
274 3493 409 3558 ecclesia
435 3497 472 3560 im
494 3494 676 3559 tabularios
698 3504 828 3573 emercet,
858 3498 912 3559 ius
934 3497 1091 3559 statuitur
1114 3496 1179 3577 (tit.
1201 3493 1271 3574 58),

153 3578 241 3661 quod
269 3580 368 3641 aetati
392 3578 587 3644 Obildeberti
607 3579 653 3641 II.
680 3581 768 3664 repis
793 3577 988 3642 Aiestrasiae
1015 3585 1064 3662 (a.
1086 3576 1271 3658 575-596)

153 3681 336 3745 coupruum
352 3683 418 3724 esse
434 3663 571 3727 videtur.
607 3663 719 3726 Datur
732 3663 817 3744 enim
833 3662 984 3726 ecclesiae
999 3660 1272 3726 mundeburdiam

154 3765 221 3808 non
243 3744 283 3808 ele
306 3746 451 3809 omnibus
472 3745 606 3826 libertis,
629 3746 686 3809 seul
707 3745 745 3809 de
767 3747 811 3810 iis
833 3755 970 3824 tantum,
1001 3747 1116 3829 quiin
1138 3744 1273 3809 ecclesia
1312 3796 1316 3806 .

152 3828 350 3891 manumissi
371 3837 494 3892 sunt¹⁴.
538 3830 651 3892 Datur
665 3831 762 3892 etiam
777 3831 937 3912 episcopis
959 3829 1194 3910 iurisdictio¹³,
1216 3827 1273 3893 scd

156 3972 202 4036 14)
223 3971 321 4023 Contra
338 3971 507 4024 &hiberius
520 3974 562 4025 ΙΙ.
583 3974 666 4026 edicto
686 3991 712 4024 a.
727 3974 789 4025 614.
809 3975 861 4025 αἵ
882 3972 1062 4039 (Capitulama
1080 3990 1172 4041 rapum
1183 3973 1288 4024 Ibam-ts

155 4061 245 4096 corum
279 4045 363 4097 edidit
387 4043 421 4097 A.
446 4046 586 4110 Boretius,
613 4045 694 4112 chp.
718 4045 796 4099 sectio
817 4047 860 4110 II,
889 4054 950 4098 mm.
971 4049 995 4110 1,
1020 4065 1050 4113 p.
1072 4047 1119 4110 22)
1149 4045 1283 4099 nomiae·=

153 4117 333 4185 defensionem
352 4118 468 4170 omnium
487 4117 640 4170 libertorum
659 4119 758 4183 tribuit,
784 4119 830 4184 qui
855 4128 931 4170 carta
949 4117 1164 4171 manumissionis
1178 4127 1285 4203 paro-,i
1345 4168 1348 4173 .

153 4188 222 4242 cinic
242 4192 366 4244 eccksiac
384 4190 484 4243 subditi
502 4200 578 4243 sunt:
596 4192 722 4243 Libertus
742 4195 933 4260 cuiuscumque
952 4195 1128 4258 ingenuorum
1147 4209 1165 4243 a
1183 4184 1289 4273 accorti,

154 4263 269 4330 dotibus,
289 4266 364 4317 iuxta
382 4271 469 4319 textus
490 4272 622 4318 cucurum
640 4266 820 4332 ingenuitatis
839 4282 904 4318 susc
931 4269 1058 4335 contenit,
1084 4264 1281 4351 defensandmp

1258 4466 1276 4525 ,.
