2956 4944
111 3876 149 3930 ‘a
166 3863 327 3927 uueduio
357 3861 472 3927 'Heroi

228 338 266 393 28
654 332 728 390 LEX
747 332 933 390 ultionum.

231 513 390 590 ariorum,
412 508 724 593 Baioariorumquc,
754 528 837 592 quae
860 515 985 587 vocant,
1016 529 1037 570 a
1060 506 1255 571 Theoderico
1276 529 1355 592 reqc

229 594 434 658 Francorum
455 592 553 673 latae,
575 592 648 657 item
663 589 928 655 Alamannorum
948 588 1044 676 leoco,
1066 612 1088 654 a
1102 590 1261 655 Lotbario
1276 613 1355 676 reqc

229 675 327 757 ictuc,
349 698 438 741 uuuc
458 678 604 760 primum
617 676 785 739 uetuetutic
800 695 876 759 erqo
899 695 1049 754 excusae,
1072 672 1237 754 Baeilcue,
1261 696 1354 739 cauo

233 761 324 841 1530,
340 769 461 824 tautum
476 758 558 845 ieqio
573 758 799 824 Riboariorum
815 758 928 837 edidit,
950 759 988 822 iu
1010 758 1052 822 60
1070 757 1182 822 tituioo
1197 758 1354 823 diuinum.

230 843 384 931 Siuyuiie
413 843 516 908 titulis
545 844 698 907 rubricae
721 843 787 906 eive
809 843 940 906 numeri
957 842 1202 940 pracfiouutur.
1247 841 1354 906 Iudecc

229 927 439 993 rubricarum
453 929 549 1009 decit,
572 949 643 991 cum
660 948 680 987 a
696 925 861 989 Sicburdo
883 923 1049 989 titulorum
1064 923 1163 988 mdex
1186 924 1354 1009 confectuo

230 1014 282 1092 eit,
305 1013 364 1097 qui
383 1011 536 1076 rubricae
557 1019 623 1074 tam
645 1009 727 1092 ieqie
742 1008 926 1073 Ribu'uriae
969 1032 1047 1073 uam
1068 1007 1175 1095 layum
1190 1008 1351 1073 Alaman-

230 1118 349 1161 norum
385 1103 481 1179 atquc
509 1093 772 1159 Baiuuuriorum
811 1033 1071 1177 compreiimdut.
1126 1095 1157 1156 A
1186 1091 1353 1158 Sicbardo

229 1179 332 1244 muita
353 1179 392 1242 iu
414 1178 556 1243 editione
576 1178 660 1263 icqie
683 1177 729 1241 ad
752 1176 926 1241 arbitrium
940 1185 1067 1241 mutata
1082 1198 1160 1257 esec,
1180 1199 1244 1262 pro
1266 1186 1353 1243 certo

231 1262 347 1328 babere
374 1283 562 1345 pociuntur.
615 1260 802 1327 Sermonem
834 1261 991 1325 Latinum
1030 1263 1166 1345 saepius
1198 1263 1353 1342 correuit,

230 1367 319 1410 noceo
333 1344 496 1410 barbarus
517 1347 632 1410 amicit.
676 1346 718 1410 Iu
740 1344 833 1409 titulo
849 1344 891 1409 34
913 1351 1005 1427 (teoct.
1020 1344 1081 1426 B),
1104 1369 1130 1408 c.
1146 1344 1176 1408 3.
1213 1344 1352 1408 Sicbcr-

230 1431 293 1494 duo
321 1430 388 1495 ocri
413 1432 474 1495 sit:
504 1428 592 1515 quod
621 1450 694 1494 eum
724 1428 926 1493 admonuerit
954 1427 1060 1509 (iocos
1090 1426 1177 1513 quod
1206 1449 1280 1490 eum
1309 1426 1353 1492 ad

229 1513 372 1579 strudem
383 1452 565 1597 bigitimam
580 1511 787 1577 admallatum
803 1511 927 1592 habet).
964 1510 1200 1576 Transiendum
1215 1511 1353 1577 Sicbar-

230 1600 294 1663 duc
322 1599 465 1662 corrodit
493 1600 531 1662 iu
559 1596 793 1661 transeundum
823 1599 889 1679 (tit.
910 1596 962 1658 45.
985 1605 1060 1660 teat.
1083 1595 1115 1659 Β
1115 1600 1143 1677 ).
1184 1596 1354 1660 Rubricae

230 1680 271 1745 de
292 1683 437 1746 mannire
460 1683 524 1763 (tit.
547 1680 597 1744 34.
620 1690 695 1744 text.
717 1681 778 1761 Β),
799 1679 839 1743 de
862 1679 1026 1744 intortiare
1048 1683 1114 1762 (tit.
1136 1677 1207 1761 35),
1235 1678 1275 1744 de
1297 1678 1354 1744 ud·

228 1765 369 1829 fatimirc
391 1766 456 1847 (tit.
472 1765 531 1842 51)
555 1787 577 1827 u
592 1761 757 1829 Sicbardo
773 1772 917 1827 mutatae
939 1773 1026 1844 auat,
1050 1764 1128 1828 dum
1149 1763 1289 1827 acribat:
1311 1762 1353 1827 de

228 1848 436 1929 mannitione,
459 1846 499 1912 de
513 1847 740 1920 intertiaiione‚
763 1844 803 1911 de
818 1846 1074 1929 adfatimatione3
1098 1870 1181 1932 quae
1202 1849 1238 1912 iu
1261 1846 1354 1913 uuilo

229 1932 338 1998 codice
367 1933 594 1998 inueniuntur.
646 1932 740 1996 Voces
768 1928 822 1995 vel
850 1930 997 1994 adfatimi
1026 1933 1091 2013 (tit.
1113 1931 1165 1996 50.
1194 1939 1269 1995 tout.
1291 1931 1353 2012 Β),

229 2037 304 2081 oum
333 2013 495 2080 hariraida
517 2018 589 2164 gtit.
612 2016 663 2080 66.
690 2024 763 2079 teoct.
787 2015 849 2095 B),
878 2015 918 2079 de
947 2013 1184 2078 cinewerdunia
1212 2017 1277 2098 (tit,
1301 2014 1353 2095 74,

230 2125 256 2166 c.
272 2101 301 2164 6.
317 2108 392 2164 teat.
407 2099 456 2181 B)
480 2123 502 2163 u
545 2100 682 2164 icbardo
705 2100 905 2169 omittuntur.
951 2099 1092 2163 Tituium
1107 2098 1148 2162 73
1163 2104 1287 2181 (temtus
1302 2098 1352 2179 Β)

230 2182 270 2248 de
292 2183 407 2248 fistuca
427 2184 659 2249 intercurrente
685 2185 850 2270 iuteyrum
877 2184 987 2248 omisit
1014 2182 1210 2247 Sicbcrduc.
1257 2181 1354 2256 Quod

230 2290 297 2332 aon
324 2268 426 2332 abiam
454 2268 491 2333 ob
514 2290 649 2333 causam
670 2268 753 2332 mibi
764 2267 899 2352 factum
920 2288 986 2332 ecee
1007 2268 1146 2346 videtur,
1176 2268 1245 2330 uici
1266 2267 1354 2351 quod

230 2351 417 2417 Sicbarduo
444 2350 574 2417 titulum
606 2350 700 2417 ibium
730 2373 797 2416 mou
825 2349 1031 2416 intelieccerit.
1082 2352 1173 2414 Haec
1203 2347 1353 2433 cocomario

229 2435 411 2519 sufficiant.
454 2435 563 2500 Multo
591 2438 688 2500 etium
717 2437 754 2499 iu
784 2434 888 2499 titulis
916 2434 965 2499 77.
989 2433 1039 2498 79.
1063 2435 1101 2498 81
1137 2441 1229 2517 (teat.
1252 2434 1302 2515 Β)
1330 2457 1353 2497 u

229 2517 394 2584 Sicbardo
424 2527 491 2583 tam
521 2520 640 2583 omissa
667 2541 766 2603 quam
785 2526 913 2581 mutata
935 2527 1022 2582 cunt.
1067 2517 1196 2582 Titulus
1217 2518 1353 2582 ultimue

230 2603 299 2685 (91.
314 2611 420 2667 tcoctuo
434 2601 483 2684 Β)
507 2601 601 2688 apud
620 2601 822 2666 Sicbardum
844 2602 938 2665 decet.
989 2602 1104 2666 Utrum
1125 2602 1247 2667 diuieio
1270 2601 1353 2687 icqio

229 2688 267 2750 iu
289 2687 331 2751 60
353 2686 474 2767 tituioc,
502 2709 601 2773 quum
623 2685 811 2750 Sicbarduo
839 2685 933 2749 babet
955 2707 1102 2771 quaeque
1127 2688 1165 2750 iu
1187 2687 1278 2750 nullo
1300 2707 1352 2750 co-

228 2771 301 2836 dice
315 2773 494 2852 iuvenitur,
518 2794 539 2835 a
554 2768 719 2835 Sicbordo
734 2771 879 2850 iuuenta,
903 2792 949 2833 au
971 2791 1011 2832 eu
1032 2771 1141 2834 codice
1157 2772 1352 2855 deprompta

228 2857 281 2935 eit,
309 2857 347 2920 iu
376 2855 476 2921 dubio
504 2854 665 2940 relinquo.
707 2852 876 2918 Rubricuc
902 2856 1037 2938 saepius
1065 2878 1088 2918 a
1110 2853 1275 2920 Sicbardo
1307 2854 1354 2917 ad

230 2939 404 3005 arbitrium
434 2942 629 3023 compositae
662 2961 727 3004 cece
757 2939 920 3019 uideatur,
952 2938 1051 3003 ueluti
1084 2962 1157 3004 cum
1189 2937 1283 3005 titulo
1312 2936 1351 3002 77

230 3030 322 3106 (teoct.
338 3023 388 3105 B)
411 3047 433 3088 a
448 3023 613 3089 Sicburdo
627 3026 764 3089 rubrica
778 3024 1000 3089 iuecribatur:
1023 3022 1064 3088 dc
1079 3022 1227 3109 reprobis
1250 3021 1353 3105 (iocos

229 3106 269 3172 de
291 3128 325 3171 re
347 3108 496 3193 proprisa
518 3107 568 3171 vel
591 3112 730 3189 secuta),
758 3109 805 3172 oei
827 3109 920 3173 titulo
943 3107 984 3171 82
1013 3115 1105 3190 (tout.
1128 3107 1197 3188 B):
1226 3106 1267 3171 de
1289 3117 1353 3170 tur·

228 3190 304 3256 bato
320 3212 337 3254 e
352 3191 405 3253 via
428 3193 530 3274 (iocos
554 3190 594 3255 de
609 3193 681 3257 viae
695 3190 828 3272 lucina).
876 3190 967 3265 Quae
983 3193 1119 3254 comita
1141 3193 1217 3269 aiut,
1236 3213 1353 3274 pauca

228 3281 355 3338 tautum
384 3274 589 3340 cSicbardo
617 3277 654 3338 iu
681 3275 821 3339 editione
849 3283 965 3338 uoetrc
993 3274 1161 3338 adnotavi.
1206 3272 1353 3357 Siqucoi

229 3356 430 3423 Sicbardum
451 3361 488 3422 iu
511 3360 598 3423 uotis
619 3358 753 3422 littorio:
779 3356 887 3423 Sicb.

314 3442 354 3505 H
354 3441 518 3506 eroldus
539 3445 576 3506 iu
592 3441 686 3522 libro,
731 3465 801 3506 uem
815 3441 1006 3524 iaocripeit:
1034 3438 1211 3524 Oriqiuum
1227 3460 1265 3500 ac
1281 3456 1351 3521 yer-

228 3529 438 3591 muuicarum
452 3526 686 3611 antiquitatum
701 3465 789 3607 iibri,
811 3524 967 3589 Baeiieae
984 3521 1077 3602 1557,
1098 3523 1185 3585 iuter
1205 3519 1352 3605 rebiquca

228 3609 313 3697 ieqee
339 3610 569 3675 Barbarorum
596 3609 697 3695 icqem
726 3631 851 3694 quoue
877 3607 1065 3692 Ripuariam
1095 3627 1111 3669 e
1139 3604 1247 3669 codice
1275 3601 1351 3667 Itid-

229 3694 323 3758 dcnei
337 3700 391 3776 (ut
404 3696 551 3776 uidetur)
574 3695 688 3760 edidit.
730 3693 769 3757 Iu
797 3714 837 3757 coc
852 3689 991 3757 Heroidi
1012 3689 1050 3752 91
1075 3689 1228 3754 rubricae
1249 3688 1352 3766 babet,

228 3787 257 3843 ct
285 3787 391 3843 tcatue
419 3800 545 3927 quoyue
572 3776 654 3865 leuis
684 3780 722 3842 iu
754 3776 793 3840 91
822 3776 933 3840 titulos
962 3773 1134 3839 diuiditur.
1192 3772 1354 3859 Congruit

496 3865 557 3928 iuu
585 3885 653 3927 uou
682 3885 755 3927 cum
787 3863 860 3926 auti
881 3863 974 3926 uiore
1006 3867 1095 3922 tectu
1128 3858 1234 3942 (quod
1255 3855 1353 3939 falso

223 3948 358 4032 putauit
371 3946 464 4010 Perta
484 3947 522 4011 iu
544 3946 678 4011 ‘Arcbiu
700 3948 759 4011 dcr
775 3883 988 4028 Gerciiecbaft
1000 3940 1068 4027 fiir
1090 3941 1188 4006 bitere
1204 3940 1353 4006 deutscbe

229 4029 535 4096 Gcocbicbtelcuudc'
557 4030 625 4112 VII,
642 4053 679 4115 p.
695 4030 786 4111 751),
808 4030 866 4094 aed
879 4052 952 4094 cum
967 4036 1056 4091 tcutu
1071 4035 1180 4092 moetro
1196 4024 1238 4105 B,
1261 4045 1353 4111 quem

228 4115 396 4200 ouiqatum
418 4112 589 4200 appellare
608 4136 795 4200 poeeumuo.
841 4113 1002 4187 Quamuis
1023 4109 1188 4175 Heroidue
1207 4109 1352 4194 pierum-

229 4221 289 4286 que
311 4200 451 4266 codicem
473 4221 569 4264 ouum
590 4208 719 4264 occutus
745 4202 789 4264 cit
815 4205 897 4284 (quo
918 4195 1121 4262 Sicbardum
1142 4193 1237 4279 bonae
1257 4213 1352 4276 eupe-
