2956 4944
243 318 277 372 14
658 318 736 375 LEX
755 316 940 376 mensam.

240 490 280 555 de
301 489 379 554 solis
399 488 575 554 tabulariis
598 493 638 573 (i.
653 514 678 555 e.
700 492 738 554 in
760 490 893 555 ecclesie
913 491 1152 573 manumissis),
1173 500 1203 554 et
1218 495 1359 576 priuata

241 573 380 657 quidem,
401 595 468 637 non
486 571 640 656 publiea:
651 573 769 657 ferum
791 575 876 638 enim
898 575 1045 657 episcopi
1065 582 1132 638 tum
1154 574 1257 639 selum
1272 599 1354 643 com·

134 676 168 726 u.
181 664 350 741 respuens
376 665 431 736 est,
462 655 546 719 *eum
575 657 662 720 inter
689 657 772 722 duos
801 655 984 721 tabularios
1005 679 1109 721 causa
1132 660 1254 742 apitur.
1303 661 1356 725 De

240 741 352 803 causis
381 740 467 803 inter
494 737 624 804 libertos
655 749 689 803 at
711 761 750 803 ue
779 739 923 804 homines
948 740 1047 824 plane
1074 743 1237 825 inpenues
1257 741 1355 807 uuila

235 831 379 907 potestas
401 823 562 906 episeopis
582 843 677 888 conce
701 826 778 903 itur,
803 823 869 888 soto
891 824 1016 888 comitis
1039 833 1097 887 aut
1117 826 1206 908 repis
1226 825 1354 890 iudicio

238 913 428 989 competente
451 907 515 989 (tit.
537 904 588 988 58,
618 930 645 973 c.
666 907 697 970 b.
720 905 750 969 8.
773 905 823 969 19.
844 907 904 988 21,·
933 907 980 970 tit.
1002 907 1053 988 66,
1081 931 1107 971 c.
1129 908 1216 988 2)¹⁶.
1261 907 1354 981 Quae

238 1010 290 1053 res
310 990 382 1053 iuri
401 989 526 1053 saecuti
546 991 674 1073 septimi
696 991 864 1054 semirame
885 998 940 1070 est,
966 1012 1038 1054 cum
1063 987 1273 1055 Obietbarius
1293 1014 1353 1056 ren

239 1094 328 1136 anne
349 1070 421 1136 614.
443 1073 573 1136 maiora
589 1072 774 1158 prioiiepie
795 1074 957 1156 episcopis
979 1072 1112 1138 dederit.

324 1153 449 1228 Quibus
465 1158 667 1240 arpumentis
682 1159 835 1240 spectatis
881 1178 918 1220 re
941 1165 1025 1220 certe
1040 1156 1155 1221 babere
1165 1178 1352 1240 possumus,

237 1239 494 1303 constitutionem
515 1262 550 1302 re
574 1242 651 1320 iam,
674 1262 757 1324 quae
779 1180 882 1303 tituiib
903 1239 1038 1304 57-62.
1061 1238 1144 1324 lepis
1165 1241 1351 1306 Bibe-ariae

237 1323 429 1403 continetur,
458 1345 531 1386 saec
570 1345 587 1388 o
612 1333 701 1388 sento
723 1332 866 1405 eaeunte,
884 1323 1033 1407 fortasse
1057 1323 1255 1389 Cbiideberte
1276 1346 1351 1410 repe

237 1411 287 1487 (a.
308 1403 492 1487 oto-596)
513 1407 614 1471 iatam
635 1429 710 1472 esse.

753 1530 783 1608 s.
806 1526 836 1592 c.

239 1623 393 1700 Quibus
421 1628 666 1711 temporibus
693 1628 880 1715 singulae
903 1637 1048 1711 partes
1076 1627 1182 1714 lepis
1205 1625 1349 1692 Ribua-

542 1711 633 1774 riae
656 1713 925 1796 conscriptae
946 1713 1042 1775 sint.
1336 1721 1339 1726 '

317 1811 432 1875 Prima
447 1832 534 1894 pars
555 1810 637 1896 lepis
658 1812 842 1878 Ribueriae
864 1815 928 1895 (tit.
946 1813 1076 1894 1-31)‚
1099 1834 1166 1958 {aa
1185 1819 1274 1875 umus
1294 1813 1349 1875 ius

236 1896 511 1977 compositionum,
534 1896 621 1981 quod
640 1895 717 1959 elim
732 1897 823 1981 apud
836 1897 1018 1961 Ribuarios
1032 1898 1105 1982 ripe
1125 1904 1169 1977 at,
1190 1895 1349 1960 traditum

72 2024 75 2029 ·
183 2055 184 2058 Ἴ
234 1985 289 2056 est,
311 1979 466 2041 uetustior
486 1987 532 2042 est
552 1981 664 2042 ceteris
679 1980 846 2063 partibus,
869 2002 952 2064 quae
973 1979 1042 2044 ioco
1063 1988 1203 2043 ueterum
1224 2000 1349 2062 compo-

234 2060 391 2124 sitionum
412 2059 545 2125 Salices
571 2063 817 2145 compositiones
846 2064 940 2147 apud
965 2062 1148 2128 Ribuaries
1176 2070 1348 2146 conceptas

234 2165 300 2207 esse
322 2144 502 2208 ostendunt.

318 2225 473 2291 Secunda
488 2248 576 2309 pars
590 2227 671 2312 lepis
685 2228 870 2293 Ribuariae
891 2234 909 2311 (
909 2230 957 2293 tit.
972 2228 1108 2309 32-64,
1123 2237 1259 2314 cacepta
1273 2250 1348 2292 cen·

232 2311 397 2375 stitutione
417 2313 512 2395 repia
534 2312 581 2377 tit.
602 2311 745 2392 57-62)
761 2321 839 2396 post
856 2315 1002 2397 primam
1019 2321 1161 2396 partem,
1192 2311 1250 2376 sesi
1272 2319 1346 2376 ante

232 2395 359 2477 repiam
374 2395 640 2475 constitutionem,
662 2417 746 2479 quae
761 2395 864 2459 titulis
878 2395 1013 2461 57-62.
1036 2397 1220 2461 continetur
1236 2400 1282 2477 (Αἵ.
1296 2394 1346 2475 b),

232 2498 327 2541 conce
353 2485 462 2540 tuest.

345 2562 510 2625 onstitutie
531 2560 636 2645 sepia,
665 2582 763 2645 quam
784 2560 872 2626 tituii
892 2561 1028 2628 57-62.
1049 2562 1197 2643 tradunt,
1218 2557 1347 2626 saeculo

232 2642 781 2813 seateqppppnppittagg-cp9pe,tpp.e
796 2737 917 2812 quarta
932 2729 997 2811 (tit.
1013 2727 1155 2809 80-89)
1172 2749 1260 2875 pars
1300 2736 1348 2792 ost

232 2809 408 2873 secundam
436 2817 565 2894 partem
598 2815 802 2894 conscriptae
834 2820 909 2875 sunt
941 2811 1021 2896 (cfr.
1050 2819 1081 2890 §-
1111 2812 1142 2892 2,
1229 2858 1240 2893 ,
1318 2815 1345 2891 ).

232 2891 361 2956 Titulus
382 2892 433 2957 87.
462 2904 599 2977 quartae
619 2896 733 2978 partis
756 2894 810 2980 (ds
832 2894 960 2959 homine
981 2895 1188 2982 forbannito),
1213 2895 1347 2974 cumei,

231 2977 291 3122 ΞΜ·
311 2977 469 3042 bominem
482 2976 715 3060 forbannitum
737 2981 903 3061 receperit,
919 3001 1065 3063 poenam
1079 2981 1254 3065 senapinta
1270 2978 1346 3042 soii·

255 3081 348 3123 erum
370 3060 425 3143 (ici
447 3069 491 3124 est
508 3060 611 3124 banni
625 3064 728 3146 repii)
750 3062 918 3146 iniunpat,
940 3072 977 3126 ut
998 3085 1020 3125 a
1041 3063 1114 3127 iure
1135 3073 1201 3126 tam
1223 3059 1348 3126 saeculi

230 3144 315 3205 senti
333 3165 430 3227 quam
444 3144 568 3209 saecuti
583 3147 664 3209 noni
679 3146 838 3226 abborret,
859 3147 909 3208 ite
927 3169 1000 3208 crem
1014 3147 1088 3209 iure
1102 3144 1226 3210 saeculi
1241 3145 1348 3208 ectasi

230 3227 386 3289 convenit.

316 3306 408 3382 Quae
429 3331 502 3373 cum
523 3312 572 3374 ita
592 3312 669 3391 sint,
691 3311 772 3375 baec
792 3311 875 3375 mibi
895 3331 974 3373 uera
995 3330 1062 3374 esse
1082 3309 1253 3372 videntur:

312 3391 428 3456 Prima
451 3414 536 3475 pars
563 3393 645 3479 lepis
665 3394 850 3459 Bibuariae
878 3394 944 3476 (tit.
968 3392 1087 3472 1-31)
1111 3391 1226 3473 prima
1245 3397 1345 3473 parte

229 3475 354 3540 saecuti
374 3477 466 3557 scorti,
489 3477 634 3541 secunda
645 3499 731 3560 pars
747 3479 812 3562 (tit.
827 3475 969 3556 32—64)
991 3473 1137 3538 secunda
1153 3481 1252 3556 parte
1273 3492 1344 3534 sae·

227 3690 278 3724 noc
294 3675 396 3740 absque
415 3675 568 3742 praesentia
587 3676 708 3741 episcopi
727 3680 773 3726 aut
788 3674 936 3742 praepositi
955 3671 1089 3723 ecclesiae
1105 3686 1165 3722 csse
1183 3669 1346 3722 iudicandus

227 3746 271 3797 vel
290 3747 326 3796 ad
344 3748 481 3813 publicum
500 3748 677 3800 rovocandus.
773 3746 819 3813 15)
843 3746 894 3798 Tit.
914 3745 958 3808 58,
978 3761 1000 3796 c.
1022 3747 1054 3794 1.·
1073 3748 1100 3796 st
1118 3743 1272 3812 (tabularii)
1291 3757 1345 3794 non

227 3819 310 3871 aliubi
324 3836 403 3884 quam
417 3821 452 3873 sd
467 3821 620 3880 ecclesiam,
638 3821 685 3871 ubi
699 3819 813 3872 relaxati
825 3824 894 3882 sunt,
914 3819 1022 3870 mallum
1039 3823 1157 3869 teneant.
1214 3817 1259 3880 16)
1280 3815 1345 3867 Oen·

227 3899 270 3943 tra
290 3889 457 3943 Obbrtbarius
470 3893 512 3943 ΙΙ.
533 3911 558 3946 a.
579 3894 641 3944 614.
660 3892 787 3958 episcopis
806 3891 849 3942 ius
869 3891 962 3942 tribuit
980 3909 1039 3942 cum
1058 3891 1150 3942 semim
1168 3888 1279 3941 sedendi
1293 3906 1345 3954 pre

226 3962 364 4028 tribunali,
389 3981 448 4015 cum
474 3981 557 4016 causa
580 3965 650 4017 inter
674 3965 795 4016 libertum
821 3959 880 4031 (qui
899 3964 1050 4030 patrocinio
1079 3963 1202 4016 ecclesiae
1223 3962 1346 4014 subditus

226 4038 276 4099 est)
299 4045 377 4102 atque
400 4036 544 4102 inpenuum
570 4045 701 4104 operetur,
728 4038 763 4103 cf.
787 4043 841 4090 not.
863 4039 906 4086 14.
953 4038 996 4088 De
1021 4036 1202 4088 iurisdictione
1222 4036 1345 4101 priuata,

225 4125 306 4175 quam
332 4110 468 4176 episcopus
492 4109 561 4160 inter
584 4111 701 4162 homines
726 4109 850 4162 ecelesiae
876 4109 957 4174 (inter
982 4109 1085 4161 libertos
1109 4125 1221 4175 queque,
1245 4108 1292 4174 qui
1316 4108 1346 4158 in

225 4183 405 4234 mundeburde
430 4182 552 4234 eeclesiae
577 4184 650 4246 sunt)
681 4190 789 4247 enacet,
817 4182 888 4234 nibil
911 4181 1079 4235 Oblotbarius
1103 4180 1205 4245 statuit,
1233 4198 1291 4232 cum
1314 4196 1346 4233 ce

224 4253 372 4308 iurisdictio
392 4272 463 4308 anno
483 4254 544 4307 614.
562 4253 621 4320 ipso
640 4255 699 4306 iure
716 4254 772 4307 iam
790 4256 919 4322 episeopis
939 4261 1081 4322 competere
1098 4254 1233 4308 uideatur.
