2956 4944
245 342 282 397 68
683 337 761 395 LEX
779 335 965 394 alaudam.

723 531 866 586 10111.
887 512 927 589 Α.

246 653 483 728 distribuat.
522 654 678 751 Spatam
707 674 792 725 cum
820 650 967 747 scogilo
996 674 1062 747 pro
1092 649 1231 748 septim
1270 650 1411 726 solidis

244 755 395 828 tribuat.
432 754 548 852 Spata
568 754 710 852 absque
730 751 875 849 scogilo
905 776 972 850 per
993 761 1070 825 tres
1091 751 1233 824 solidos
1252 752 1409 827 tribuat.

244 855 383 928 Bruina
417 856 515 927 bona
543 878 611 950 pro
653 857 696 927 12
729 852 862 927 solidis
889 852 1041 925 tribuat.
1096 850 1231 924 Helmo
1268 858 1410 928 coude-

244 965 348 1029 recto
371 979 439 1054 pro
468 978 534 1028 sex
555 953 688 1028 solidis
717 953 866 1027 tribuat.
912 951 1156 1050 Bagubergas
1190 954 1311 1027 bonas
1336 980 1407 1052 pro

246 1081 312 1130 sex
334 1055 468 1129 solidis
496 1054 647 1128 tribuat.
685 1051 802 1127 Scuto
830 1078 916 1126 cum
931 1053 1048 1127 lautia
1067 1078 1135 1150 pro
1150 1054 1173 1127 2
1190 1054 1324 1128 solidis
1341 1057 1410 1129 tri·

245 1158 345 1229 buat.
381 1157 659 1254 Aucceptorem
682 1180 756 1227 non
779 1154 922 1227 domito
949 1178 1018 1252 per
1038 1157 1059 1228 3
1082 1154 1226 1227 solidos
1255 1156 1407 1230 tribuat.

146 1257 509 1333 aautCummorsum
538 1255 732 1354 gruarium
759 1280 828 1352 pro
859 1278 926 1329 sex
956 1254 1087 1329 solidis
1115 1254 1265 1328 tribuat.
1310 1259 1408 1330 Auo·

247 1368 440 1457 ceptorem
459 1368 645 1431 mutatum
666 1382 733 1455 pro
757 1360 801 1431 12
822 1355 953 1430 solidis
973 1355 1123 1430 tribuat.

351 1460 407 1533 12.
446 1458 552 1545 Quod
573 1458 605 1532 si
626 1483 711 1531 cum
735 1468 892 1554 argento
915 1457 1063 1531 solvere
1080 1456 1321 1556 contingerit,
1336 1484 1405 1556 pro

246 1559 367 1633 solido
391 1559 435 1633 12
457 1559 638 1654 dinarioS,
660 1558 759 1632 sicut
778 1557 985 1656 antiquitus
1004 1568 1063 1631 est
1082 1556 1343 1632 constitutum.

740 1695 906 1768 XXXVll.

350 1820 381 1887 1.
414 1814 452 1888 si
482 1813 566 1910 quis
595 1814 794 1888 mulierem
829 1812 1126 1911 disponsaverit,
1159 1813 1349 1913 quidquid
1371 1816 1405 1888 01

245 1938 313 2010 per
331 1914 543 1987 tabularum
562 1939 631 1989 seu
651 1926 839 1988 cartarum
858 1915 1104 1989 instrumenta
1122 1916 1405 2013 conscripserit,

244 2015 517 2111 perpetualiter
536 2016 793 2090 inconfulsum
815 2026 1044 2114 permaneat.

346 2117 381 2190 2.
409 2117 447 2190 Si
468 2128 597 2190 autem
615 2141 682 2214 per
701 2117 821 2191 series
847 2117 1117 2214 scripturarum
1143 2117 1177 2189 ei
1203 2116 1298 2188 nihil
1318 2142 1405 2190 001-

245 2215 411 2309 tullerit,
445 2218 477 2292 si
505 2217 641 2290 mulier
668 2217 791 2290 virum
819 2216 1091 2315 supervixerit,
1118 2220 1168 2293 50
1196 2217 1339 2291 solidos
1369 2218 1405 2290 iu

247 2318 345 2391 dude
373 2319 551 2417 recipiat,
587 2330 625 2393 et
652 2319 812 2392 terciam
836 2322 881 2392 de
909 2343 1020 2392 omne
1046 2319 1137 2414 [re],
1166 2319 1264 2416 quod
1289 2318 1405 2392 simul

247 2418 568 2514 conlaboraverit,
602 2419 672 2492 sibi
699 2421 841 2493 studiat
868 2419 1103 2515 evindicare5
1137 2421 1191 2493 et*
1222 2419 1403 2520 quidquid

247 2517 282 2589 ci
301 2518 337 2589 in
356 2521 617 2619 morgangaba
635 2520 815 2593 traditum
836 2521 963 2616 fuerit,
982 2520 1158 2595 similiter
1176 2521 1304 2594 faciat

351 2616 375 2700 *)
400 2617 499 2680 1012.
524 2621 553 2682 4.
577 2623 606 2684 5.
629 2621 658 2682 8.
682 2622 716 2693 9;
744 2625 775 2679 01
796 2618 845 2678 vel
867 2622 896 2684 3.

246 2902 374 2982 Sputum
398 2904 518 2982 absque
541 2903 658 2985 scogilo
681 2924 740 2982 pro
762 2907 782 2970 3
805 2903 914 2966 solidis
937 2905 1061 2968 tribuat.
1095 2905 1265 2966 Brnnniam
1287 2906 1405 2966 bonam

245 3005 304 3065 pro
323 2991 361 3052 12
376 2986 484 3047 solidis
502 2987 627 3049 tribuat.
666 2988 810 3049 Helmum
827 2990 1017 3050 conderecto
1035 3008 1092 3068 pro
1109 2993 1128 3054 6
1145 2989 1253 3052 solidis
1277 2988 1404 3050 tribuat.

127 3079 168 3137 *μ
184 3079 234 3128 232.
246 3071 437 3150 Bainbergas
460 3072 561 3133 bonas
581 3072 651 3150 *pro
668 3076 687 3136 6
704 3073 813 3133 solidis
828 3073 954 3134 tribuat.
989 3073 1115 3134 Scntum
1132 3094 1200 3135 cum
1217 3072 1326 3134 lancea
1344 3092 1404 3152 pro

244 3158 264 3216 2
280 3153 387 3214 solidis
410 3153 535 3215 tribuat.
568 3155 773 3234 deceptorem
796 3175 857 3214 non
876 3156 1028 3216 domitum
1043 3175 1101 3235 pro
1118 3159 1137 3219 3
1154 3157 1262 3217 solidis
1278 3157 1404 3218 tribuat.

243 3235 450 3298 Conmorsum
473 3238 630 3317 gruarium
656 3257 712 3316 pro
736 3237 879 3302 6solidis
902 3237 1027 3298 tribuat.
1072 3238 1277 3318 deceptorem
1297 3249 1407 3302 muta-

244 3329 309 3382 tum
332 3339 390 3400 pro
416 3322 454 3385 12
476 3320 585 3382 solidis
608 3320 734 3381 tribuat.

351 3407 399 3469 12.
424 3402 516 3476 Quod
543 3405 569 3464 si
592 3423 661 3464 cum
685 3412 814 3486 argento
844 3402 969 3466 solvere
1000 3402 1179 3483 contigerit,
1209 3421 1267 3481 pro
1298 3403 1407 3470 solido

245 3490 284 3552 12
307 3487 458 3559 dinarios,
480 3487 558 3547 sicut
581 3487 752 3568 antiquitus
776 3495 823 3549 est
844 3487 1054 3549 constitutum.

745 3590 895 3652 XXXIX.

608 3691 659 3752 De
683 3693 793 3756 dotis
818 3692 1039 3754 mulierum.

349 3795 377 3858 1.
401 3793 432 3854 Si
456 3794 524 3875 quis
547 3794 710 3856 mulierem
733 3794 979 3878 dispensaverit,
1007 3795 1153 3877 quicquid
1177 3797 1204 3855 ei
1229 3814 1284 3875 per
1306 3797 1406 3857 tabu-

242 3876 344 3937 larum
367 3896 423 3939 seu
440 3888 598 3941 cartarum
621 3879 827 3942 instrumenta
851 3880 1080 3960 conscripserit,
1104 3880 1326 3961 perpetualiter
1348 3880 1406 3942 in-

243 3961 426 4024 convulsum
449 3971 646 4042 permaneat.

348 4050 378 4110 2.
401 4046 433 4107 Si
462 4055 566 4108 autem
593 4066 649 4127 per
679 4048 794 4110 seriem
821 4048 1047 4130 scripturarum
1076 4049 1105 4109 ei
1127 4047 1204 4108 nihil
1226 4047 1405 4122 contulerit,

242 4128 268 4189 51
291 4128 390 4190 virum
414 4131 630 4210 supervixerit,
658 4136 698 4199 50
721 4132 841 4195 solidos
864 4133 895 4194 in
919 4134 1025 4194 dotem
1048 4131 1194 4211 recipiat,
1222 4139 1253 4192 et
1274 4131 1404 4196 tertiam

242 4222 364 4292 partem
389 4215 428 4276 de
451 4215 537 4275 omni
561 4235 610 4287 10,
643 4236 736 4298 quam
760 4216 852 4278 simul
874 4219 1169 4286 conlaboraverunt,
1194 4217 1251 4277 sibi
1274 4216 1405 4283 studeat

243 4297 440 4372 evindicare,
475 4298 524 4359 vel
557 4301 702 4380 quicquid
736 4301 763 4360 ei
792 4302 823 4361 in
859 4303 1072 4383 morgangeba
1105 4301 1255 4362 traditum
1289 4300 1405 4382 luerat,

241 4380 385 4444 similiter
404 4383 510 4447 faciat.
