2956 4944
681 337 758 396 LEX
775 338 962 396 alcusam.

720 533 863 589 roonn.
882 515 922 589 A.

785 653 865 728 llll.

346 780 377 849 1.
405 774 447 848 Si
474 773 557 872 quis
581 773 766 848 feminam
790 773 1008 848 Ribuariam
1034 771 1278 868 interficerit,
1306 786 1411 872 post·

241 877 489 975 quamparire
504 874 660 973 ceperit,
684 899 804 975 usque
820 877 865 948 ad
884 874 1237 976 quadraginsimum
1252 899 1409 975 annum,

140 1013 163 1055 r·
179 975 504 1153 2170033057ιὲιῖἰὲΓὶ
521 974 721 1074 culpabilis
758 977 956 1052 iudicetur.
1010 979 1086 1051 Aut
1122 975 1154 1050 si
1187 977 1408 1076 negaverit,

342 1197 376 1271 2.
413 1195 457 1270 Et
476 1195 704 1295 ubicumque
723 1196 891 1271 sexcenti
911 1196 1023 1271 solidi
1050 1199 1247 1293 accedunt,
1277 1197 1312 1272 si
1340 1199 1407 1274 ille

240 1299 355 1372 homo
380 1322 524 1396 pauper
545 1297 672 1394 fuerit,
693 1309 732 1371 ut
757 1297 912 1372 insimul
931 1298 1079 1372 solvere
1097 1323 1171 1372 non
1186 1298 1319 1396 possit,
1339 1325 1408 1399 per

241 1409 319 1475 tres
338 1399 584 1475 decessiones
604 1398 770 1474 liliorum
790 1398 925 1474 solvat.

774 1553 867 1629 Xlll.

342 1677 382 1753 Si
410 1676 494 1775 quis
522 1675 689 1774 puellam
714 1674 934 1748 Ribuariam
956 1671 1191 1769 interficerit,
1218 1675 1408 1752 200s01i·

243 1778 311 1853 dos
345 1775 546 1877 culpabilis
578 1776 776 1850 iudicetur.
813 1778 888 1850 Aut
918 1775 951 1850 si
984 1775 1202 1875 negaverit,
1235 1801 1324 1850 cum
1359 1782 1407 1854 12

244 1877 344 1953 iurit.

775 1976 864 2052 XlV.

348 2107 378 2177 1.
406 2100 445 2175 Si
462 2097 546 2198 quis
561 2096 742 2171 feminam
761 2097 909 2198 regiam
929 2107 994 2170 aut
1015 2097 1318 2172 eeclesiasticam
1340 2124 1409 2196 pa-

243 2202 405 2279 rientem
432 2198 674 2293 interficerit,
701 2197 885 2274 tricentus
913 2197 1057 2296 solidus
1085 2198 1285 2298 culpabilis
1312 2200 1411 2275 iudi-

245 2317 362 2399 cetur,
381 2314 446 2377 aut
465 2327 551 2376 oum
573 2303 620 2377 36
642 2299 743 2375 iurit.

548 2796 600 2856 lle
621 2793 858 2858 homicidiis
882 2794 1101 2858 mulierum.

352 2902 380 2966 l.
403 2899 434 2962 Si
458 2897 550 2984 [quis]
568 2897 716 2960 feminam
732 2898 913 2962 Ribuariam
928 2899 1122 2973 interficerit,
1143 2908 1310 2982 postquam
1328 2919 1412 2981 par-

124 3004 135 3030 ⁸
143 3020 165 3062 ρ.
182 3003 234 3054 217.
246 2984 341 3049 turire
364 2984 518 3066 caeperit,
550 2983 669 3066 *usquc
693 2985 732 3046 ad
757 2984 1032 3066 quadragesimum
1056 3004 1183 3065 aunum,
1212 2987 1274 3051 600
1298 2985 1411 3046 solidis

245 3070 407 3152 culpabilis
430 3069 593 3131 iudicetur.
646 3069 707 3130 Aut
728 3069 754 3131 si
777 3069 952 3151 negaverit,
981 3088 1049 3130 oum
1074 3073 1115 3135 72
1137 3069 1227 3131 iuret.
1270 3068 1309 3129 Et
1333 3069 1410 3130 ubi-

245 3192 377 3254 cumque
400 3173 463 3239 600
486 3171 578 3233 solidi
601 3171 763 3241 accedunt,
787 3154 902 3228 simili
922 3155 1035 3228 modo
1057 3179 1142 3226 cum
1162 3159 1209 3230 72
1229 3154 1337 3229 iuret.

349 3280 380 3343 2.
412 3275 443 3337 Si
471 3273 522 3336 ille
552 3274 650 3336 homo
681 3290 803 3353 pauper
831 3270 940 3341 luerit,
971 3279 1005 3331 ut
1031 3268 1157 3331 insimul
1187 3270 1312 3332 solvere
1343 3292 1413 3335 ιιοιι

245 3360 355 3443 possit,
379 3379 435 3442 per
458 3367 521 3421 tres
546 3357 747 3419 decessiones
769 3355 907 3417 filiorum
930 3353 1041 3414 solvat.

788 3493 869 3554 Xlll.

534 3599 587 3658 lle
610 3595 852 3658 homicidiis
875 3592 1121 3676 puellarum.

352 3704 381 3763 Si
405 3702 473 3783 quis
497 3701 632 3782 puellam
656 3697 838 3760 Ribuarlam
862 3695 1056 3770 interficerit,
1080 3698 1142 3763 200
1163 3695 1271 3758 solidis
1295 3698 1415 3780 culpa-

246 3785 316 3847 bilis
339 3786 502 3848 indicetur.
546 3787 607 3845 Aut
630 3784 655 3846 si
678 3783 848 3866 negaverit,
871 3802 940 3844 cum
965 3784 1005 3848 12
1026 3781 1116 3843 iuret.

788 3923 870 3987 XlV.

536 4031 589 4090 De
614 4028 786 4090 muliere
809 4025 1112 4091 ecclesiastica.

353 4135 381 4200 l.
404 4131 435 4194 Si
457 4131 526 4213 quis
549 4132 700 4194 feminam
728 4130 848 4213 regiam
879 4137 933 4192 aut
964 4127 1209 4191 ecclesiasticam
1233 4124 1413 4207 parientem

246 4217 441 4292 interficerit,
463 4220 527 4286 300
549 4217 659 4280 solidis
684 4217 845 4297 culpabilis
867 4215 1030 4285 iudicetur,
1053 4220 1107 4274 aut
1129 4231 1198 4272 cum
1222 4214 1263 4277 36
1285 4209 1377 4274 iuret.
