2956 4944
522 334 600 392 LEX
618 333 804 392 lllBUAlllA.
1208 339 1246 393 53

565 530 709 586 ucouu.
729 511 768 588 Α.

185 652 220 724 2.
249 650 356 739 Quod
376 649 407 724 si
428 652 595 749 puellam
614 663 679 726 aut
704 662 793 750 post
818 647 958 747 quam*
983 651 1246 751 quadraginsi-

83 775 186 824 muru
213 776 352 825 annum
379 751 618 847 interficerit,
647 754 722 828 200
750 751 895 826 solidos
921 750 1122 851 culpabilis
1149 753 1247 826 iudi-

85 863 203 947 cetur,
223 864 288 926 aut
307 877 394 927 cum
417 856 461 930 12
482 853 581 929 iurit.

188 987 212 1070 *l
236 1007 331 1068 quam
354 1003 381 1053 r'n
405 1000 463 1053 solo
488 1003 546 1053 cod.
568 1000 580 1052 1
602 1003 710 1071 lepllum
742 1014 796 1054 uer
819 993 876 1048 aul
896 1005 924 1054 r‘n
950 1003 1036 1069 cupite
1061 1005 1152 1055 nostro
1177 1003 1245 1055 idem

232 1081 365 1153 superfice!
382 1097 415 1135 uc
434 1084 460 1136 εἰ
476 1085 603 1150 scriplum
622 1088 705 1138 erret:
726 1070 758 1133 id
775 1080 836 1149 est;
859 1082 909 1150 cfr.
928 1081 1002 1150 infru
1022 1085 1059 1137 lr'l.
1079 1080 1123 1149 31,
1143 1099 1165 1136 c.
1184 1081 1207 1137 1.

611 1229 683 1301 XV.

185 1348 226 1421 Si
242 1349 326 1446 quis
348 1347 535 1445 ingenuus
550 1347 758 1445 ingenuum
773 1348 994 1423 Ribuarium
1011 1347 1245 1445 interficerit,

83 1460 121 1523 et
157 1473 244 1522 eum
278 1473 365 1521 cum
396 1473 501 1522 ramo
529 1459 594 1521 aut
628 1447 738 1521 callis
773 1450 834 1523 vel
879 1450 917 1523 in
952 1450 1064 1547 pucio
1104 1474 1171 1524 seu
1207 1451 1245 1523 in

83 1575 182 1649 uque
229 1574 470 1648 quocumque
506 1549 601 1624 libet
635 1550 720 1623 loco
759 1550 874 1625 celari
922 1551 1104 1644 voluerit7
1130 1553 1244 1649 ·qu0d

81 1651 221 1726 dicitur
256 1651 490 1746 mordridus,
524 1654 598 1726 600
635 1650 779 1726 solides
812 1651 1012 1750 culpabilis
1045 1651 1245 1744 iudicetur,

81 1764 147 1827 aut
166 1758 323 1837 cum770
341 1752 440 1826 iurit.

618 1853 708 1926 XVl.
1251 1885 1274 1928 ρ.
1291 1867 1341 1919 ue

182 1972 220 2047 Si
265 1972 350 2071 quis
400 1974 587 2072 ingenuus
628 1974 837 2073 ingenuum
872 1972 1093 2048 Ribuarium
1139 1986 1243 2049 extra

80 2072 205 2147 sulum
226 2074 452 2169 vendiderit,
481 2086 519 2147 et
545 2099 632 2148 eum
655 2074 791 2149 iterum
817 2078 862 2148 ad
882 2075 1007 2149 selum
1021 2100 1096 2150 non
1111 2086 1244 2173 potue·

81 2173 131 2248 rit
148 2176 350 2268 reducere,
370 2177 445 2250 600
463 2175 607 2249 solidos
629 2176 828 2274 culpabilis
847 2175 1053 2271 iudicetur,
1072 2187 1139 2250 aut
1157 2200 1242 2249 curn

82 2279 130 2350 72
157 2274 258 2348 iurit.
304 2274 351 2347 Et
376 2275 409 2349 si
437 2298 524 2348 euru
551 2275 589 2349 iu
616 2277 741 2350 selum
769 2275 978 2374 reduxerit,
1005 2275 1242 2352 200s01id0s

82 2374 282 2473 culpabilis
303 2375 499 2449 iudicetur.
537 2377 645 2466 Quod
665 2389 703 2453 et
722 2379 768 2452 de
786 2378 926 2452 femina
945 2377 1113 2478 ingenue
1138 2377 1243 2453 simi-
1336 2434 1339 2439 .

81 2476 168 2552 liter
188 2476 363 2552 convenit
383 2479 593 2553 observare.

393 2629 689 2637 -.—-——-—-—-.
699 2631 1240 2639 ..—--—-—--———.--——-—-

567 2770 713 2826 rcour.
734 2754 777 2825 Β.
862 2758 864 2762 ’

186 2890 216 2951 2.
244 2887 337 2961 Quod
366 2887 391 2950 si
421 2887 557 2971 puellam
589 2895 662 2968 pust
688 2888 964 2971 quadragesimum
996 2908 1111 2950 annum
1140 2888 1242 2951 inler-

79 2969 191 3044 ficeril‚
213 2973 275 3036 200
298 2972 408 3035 solidis
431 2971 593 3053 culpabilis
615 2972 780 3045 iudicetur,
803 2979 857 3033 aut
879 2991 947 3033 cum
973 2975 1011 3038 12
1033 2971 1124 3036 iuret.

624 3129 691 3189 XV.

416 3232 468 3295 De
491 3231 653 3293 homine
677 3232 897 3295 mordrido.

183 3333 215 3395 Si
238 3334 307 3416 quis
329 3334 481 3416 ingenuus
500 3334 669 3416 ingenuum
691 3334 874 3397 llibuarium
896 3333 1090 3409 interficerit,
1115 3344 1146 3397 et
1168 3355 1240 3398 eum

78 3438 147 3481 cum
181 3436 271 3480 reme
293 3418 495 3499 cooperuerit
518 3419 567 3480 vel
592 3418 623 3480 iu
648 3427 775 3501 puteum
805 3438 860 3481 seu
890 3419 921 3480 in
945 3439 1144 3502 quocumque
1165 3419 1241 3482 libel

77 3503 148 3566 loco
164 3501 290 3566 caelare
307 3502 450 3575 voluerit,
470 3503 554 3585 quod
579 3502 691 3565 dicitur
707 3503 899 3576 momulus,
921 3507 984 3570 600
1001 3503 1111 3566 solidis
1127 3503 1241 3585 culpu-

77 3586 148 3650 bilis
169 3586 333 3661 iudicetur,
357 3596 411 3650 aut
433 3607 501 3649 curu
525 3589 567 3653 72
588 3587 680 3650 iuret.

616 3744 697 3809 XVI.
782 3772 785 3778 ·
1247 3763 1341 3821 2218„

181 3848 235 3909 De
258 3846 470 3928 captivato
493 3847 657 3911 homine
681 3848 743 3909 vel
766 3847 916 3909 lemine
939 3847 1127 3929 ingenue.

182 3949 213 4012 si
237 3950 305 4031 quis
325 3950 477 4033 ingenuus
497 3949 665 4033 ingenuum
681 3949 864 4011 Ribuurium
888 3957 976 4012 extre
999 3952 1101 4014 sulum
1125 3950 1240 4012 vendi-

75 4035 167 4108 derit,
191 4043 222 4096 et
244 4053 314 4096 euru
338 4033 453 4096 iterum
476 4034 516 4096 ud
533 4034 634 4097 solum
657 4053 721 4097 non
740 4034 879 4114 potuerit
894 4035 1058 4108 reducere,
1081 4039 1143 4103 600
1160 4035 1241 4097 eoli-

75 4120 123 4184 dis
146 4118 309 4201 culpabilis
332 4118 496 4192 iudicetur,
519 4126 573 4181 cut
591 4138 659 4180 cum
683 4121 724 4184 72
746 4118 836 4183 iuret.
879 4120 918 4181 Et
940 4119 966 4182 ri
989 4120 1114 4182 eumin
1137 4119 1238 4182 solum

76 4204 249 4278 reduxerit,
271 4206 333 4270 200
356 4202 466 4267 solidis
492 4202 656 4285 culpabilis
679 4201 842 4267 iudicetur.
887 4202 980 4278 Quod
1004 4205 1098 4266 etde
1123 4204 1239 4266 lemine

74 4288 211 4370 ingenue
233 4287 377 4352 similiter
398 4286 547 4352 convenit
567 4287 742 4351 observari.
