2956 4944
609 334 688 392 LEX
705 328 893 392 nlnttntttn.

651 528 675 582 s
694 526 796 583 cono.
815 510 856 583 Α.

275 654 308 726 2.
343 650 409 726 Sin
435 661 562 725 autem
594 650 757 724 manitus
793 647 907 724 fuerit
934 649 980 721 ad
1008 648 1176 722 secundo
1200 646 1335 742 mallo,

173 765 239 829 aut
256 778 278 827 a
308 752 434 848 tertio,
453 777 522 827 seu
538 754 584 825 ad
599 763 747 851 quarto,
765 750 828 825 vel
843 750 987 849 quinto,
1002 773 1146 847 usquae
1161 750 1207 822 ad
1223 761 1334 824 sexto

172 853 303 929 venire
323 853 545 950 distullerit,
571 878 639 951 pro
659 877 927 952 unoquemque
954 851 1091 948 mallo,
1115 850 1148 926 si
1168 848 1238 946 itti,
1265 851 1334 949 qui

72 981 261 1047 anteum
310 955 450 1050 manit,
500 979 583 1029 oum
626 953 745 1028 tribus
792 953 1050 1055 raginburgiis
1098 952 1137 1026 in
1185 952 1332 1025 haraho

173 1056 438 1151 coniuraverit,
458 1058 556 1154 quod
579 1055 742 1155 legitimi
762 1055 949 1130 maritum
969 1053 1162 1150 habuerit,
1185 1057 1229 1130 15
1243 1052 1335 1127 soli·

172 1162 241 1234 dos
260 1157 459 1256 culpabilis
480 1157 678 1231 iudicetur.

274 1262 309 1334 3.
345 1258 471 1356 [Quot
506 1258 538 1332 si
575 1261 619 1332 ad
655 1259 817 1356 septimo
855 1258 971 1333 mallo
1009 1284 1085 1333 non
1122 1257 1332 1358 venerit‚*]

173 1373 262 1436 tunc
294 1360 369 1457 illi,
402 1359 466 1459 qui
493 1384 579 1435 eum
604 1360 745 1455 manit‚
774 1371 862 1434 ante
895 1360 1035 1435 comite
1062 1385 1148 1434 cum
1181 1371 1332 1457 septem

172 1461 430 1563 raginburgiis
468 1461 505 1535 in
536 1462 682 1536 haraho
724 1461 848 1536 iurare
876 1463 995 1559 debit⁷
1036 1463 1137 1561 quod
1172 1465 1331 1536 eumad

173 1566 302 1640 strude
342 1562 518 1663 legitima
560 1563 807 1637 admallatum
860 1564 990 1660 habet3
1042 1576 1081 1639 et
1119 1564 1177 1639 sic
1219 1564 1334 1639 iudex

172 1665 315 1741 fiscalis
339 1667 386 1739 ad
407 1667 561 1738 domum
587 1663 691 1738 illius
714 1667 895 1740 accedere
916 1668 1048 1764 debet,
1085 1678 1123 1742 et
1155 1666 1333 1766 legitima

174 1768 304 1842 strude
331 1765 467 1839 exinde
494 1766 643 1839 auferre
671 1776 709 1839 et
733 1765 769 1840 ei
795 1767 983 1864 tribuere,
1014 1769 1079 1868 qui
1105 1792 1194 1844 eum
1221 1769 1334 1844 inter-

173 1867 349 1967 pellavit,
386 1868 459 1941 hoo
491 1877 549 1940 est
581 1868 626 1939 ad
663 1879 812 1966 septem
836 1869 1094 1971 raginburgiis
1127 1870 1334 1970 unicuique

178 1968 400 2064 15s01id0s‚
420 1980 457 2043 et
476 1968 532 2065 ei⁷
553 1968 616 2066 qui
637 1993 791 2044 oausam
809 1970 993 2070 sequitur,
1013 1977 1072 2049 45.

276 2074 311 2144 4.
339 2070 447 2158 Quod
472 2069 503 2144 si
529 2069 651 2168 ipsam
676 2073 844 2146 strudem
871 2074 1130 2149 contradicere
1157 2074 1333 2170 voluerit,

176 2183 213 2246 et
233 2173 280 2246 ad
303 2171 456 2246 ianuam
476 2197 585 2247 suam
601 2196 685 2247 oum
701 2185 809 2271 spata
824 2185 943 2248 tracta
958 2174 1177 2273 accesserit,
1196 2185 1234 2251 et
1248 2200 1334 2251 eam

176 2272 213 2346 in
232 2285 382 2374 portam
400 2274 479 2348 sive
497 2274 535 2347 in
554 2285 664 2371 poste
683 2275 865 2374 posuerit
888 2287 978 2351 tuno
997 2277 1110 2352 iudex
1134 2275 1336 2353 fideiusso-
1400 2296 1407 2300 ·

175 2400 237 2450 res
256 2375 290 2449 ei
306 2376 445 2475 exigat,
472 2386 512 2448 ut
537 2400 579 2450 se
596 2387 683 2450 ante
701 2401 834 2475 regem
852 2379 1117 2479 repraesentit,
1142 2392 1179 2456 et
1193 2379 1333 2455 ibidem

178 2500 263 2550 cum
291 2501 397 2550 arma
421 2501 491 2551 sua
509 2476 658 2571 [contra
668 2476 700 2574 ³⁸]
728 2478 958 2553 contrarium
988 2504 1098 2554 suum
1122 2507 1164 2556 re
1183 2483 1336 2556 studeat

176 2579 387 2652 defensare.

285 2677 311 2750 4)
333 2678 407 2741 (tuce
426 2681 531 2734 nnuma
548 2682 653 2734 incluso
671 2685 740 2751 sunt,
760 2684 788 2734 tn
807 2683 899 2736 codice
921 2681 934 2735 1
956 2684 1151 2739 desiderantur.

653 2919 798 2977 cconn.
819 2903 861 2977 B.

282 3041 311 3102 2.
339 3038 374 3100 -Si
403 3046 508 3099 autern
532 3039 689 3103 mannitus
717 3041 813 3103 luerit
835 3043 875 3102 ad
906 3046 1078 3104 secundum
1109 3043 1254 3116 mallum,
1283 3049 1338 3104 aut

56 3141 97 3201 *a
112 3140 165 3192 aaa.
177 3123 216 3184 ad
241 3122 378 3194 tertium,
400 3141 457 3185 seu
480 3123 521 3183 ad
537 3132 696 3206 quartum,
719 3125 770 3186 vel
784 3127 826 3186 ad
848 3126 1001 3206 quintum,
1021 3129 1179 3207 usquead
1196 3127 1336 3189 *sextum

89 3261 93 3265 ,
177 3207 284 3268 venire
299 3206 464 3278 distulerit,
485 3226 546 3288 pro
562 3227 755 3291 unoquoque
772 3208 881 3282 mallo,
902 3209 929 3270 si
952 3211 1013 3282 ille,
1033 3211 1088 3289 qni
1111 3228 1182 3270 cum
1206 3211 1337 3281 mauult,

177 3311 245 3353 cum
268 3291 369 3353 tritus
392 3290 623 3376 rachinburgiis
644 3292 676 3354 in
700 3292 817 3355 arache
839 3294 1064 3366 coniuraverit,
1093 3296 1176 3374 quod
1200 3293 1338 3372 legitime

176 3377 332 3438 mannitus
355 3376 459 3450 luerit,
483 3379 521 3443 15
544 3377 654 3440 solidis
676 3376 840 3459 mlpatilis
861 3376 1024 3439 iudicetur.

281 3465 312 3526 3.
335 3459 429 3533 Quod
455 3460 484 3524 si
513 3462 553 3523 ad
578 3462 743 3542 septimum
772 3461 901 3522 mallum
924 3479 987 3522 noo
1010 3458 1143 3533 venerit,
1173 3466 1247 3520 tuuc
1273 3457 1336 3531 ille,

177 3546 229 3626 qui
258 3565 329 3607 eum
359 3545 493 3618 mannil,
520 3553 593 3608 ante
620 3544 767 3608 comitem
797 3565 867 3606 oum
897 3553 1015 3624 septen
1044 3542 1276 3628 rachinburgiis
1304 3542 1336 3603 in

178 3629 279 3693 araho
307 3630 413 3692 iurare
436 3631 544 3706 debet,
573 3630 658 3711 quod
690 3649 760 3691 euni
784 3631 824 3692 ad
846 3631 986 3691 strudem
1017 3629 1186 3712 legitimam
1210 3628 1339 3692 admal-

176 3714 273 3776 latum
289 3714 402 3790 hahet3
418 3725 449 3778 ct
465 3714 510 3778 sio
523 3715 618 3777 iudex
633 3713 751 3776 fiscalis
765 3715 807 3775 sd
824 3717 952 3776 domum
966 3713 1047 3775 illius
1063 3715 1217 3777 accedere
1232 3715 1338 3787 debet,

177 3807 208 3860 et
229 3798 399 3879 legitimam
428 3800 568 3863 strudem
598 3799 712 3860 exinde
740 3799 863 3860 auterre
893 3806 925 3860 et
956 3799 984 3860 ei
1014 3799 1164 3873 tribuere,
1191 3799 1337 3879 quicum

175 3883 396 3965 interpellavit,
418 3885 481 3945 hoc
503 3891 550 3944 est
572 3889 693 3964 septem
716 3883 943 3967 rachinburgiis
967 3885 1133 3966 unicuique
1157 3890 1193 3951 15
1210 3885 1339 3959 solidos,

177 3967 269 4041 etei,
293 3967 345 4048 qui
370 3986 497 4030 causam
521 3968 673 4049 sequitur,
697 3969 747 4034 45.

282 4053 312 4118 l.
342 4051 434 4126 Quod
464 4052 491 4114 si
520 4051 623 4133 ipsam
652 4054 794 4114 strudem
819 4054 1036 4116 contradicere
1064 4053 1212 4127 voluerit,
1244 4061 1275 4114 et
1298 4054 1339 4115 ad

176 4138 303 4200 ianuam
320 4155 408 4198 suana
425 4156 493 4198 cum
510 4143 603 4219 spata
617 4143 719 4200 tracta
737 4137 914 4212 accesserit,
936 4145 967 4200 et
982 4157 1052 4200 eam
1068 4137 1099 4198 in
1116 4144 1210 4218 porta
1226 4138 1339 4200 sivein

177 4233 270 4304 poste
293 4221 447 4304 posuerit,
478 4230 550 4283 tunc
578 4221 673 4285 iudex
694 4223 899 4286 fideiussores
929 4223 959 4284 ei
984 4222 1105 4306 exigat,
1141 4230 1172 4284 ut
1205 4242 1239 4285 sc
1267 4234 1340 4284 ante

178 4327 284 4389 regem
313 4313 544 4388 repraesentet,
571 4316 602 4368 et
627 4308 744 4368 ibidem
768 4329 837 4372 oum
860 4308 956 4370 armis
979 4307 1043 4369 suis
1064 4315 1179 4370 contra
1207 4314 1341 4368 contra-

177 4393 258 4455 rium
281 4413 372 4454 suum
394 4413 429 4454 se
451 4395 577 4456 studeat
600 4393 777 4456 defensare.
