2956 4944
668 333 746 390 tax
764 330 950 390 urrunnu.

702 527 845 583 nconn.
864 509 904 582 Α.

228 646 538 747 praesumpserit,
564 659 654 721 tunc
680 647 748 742 illi,
777 646 883 720 cuius
909 669 1042 720 servus
1067 657 1138 742 est7
1165 671 1394 745 supereum

229 775 383 825 manum
410 749 561 824 mittere
584 748 697 824 debit.
741 749 788 820 Et
805 747 837 822 si
856 747 1065 822 tabularius
1085 758 1155 842 est,
1179 748 1240 821 vel
1258 748 1394 848 regius

228 877 295 927 seu
327 853 516 925 Romanus
550 850 686 944 homo,
728 848 791 947 qui
830 849 903 922 hoc
934 848 1046 945 facit,
1082 873 1197 946 super
1236 861 1391 949 septem

227 953 362 1048 noctis,
392 952 424 1026 si
449 952 626 1046 Francus,
653 974 766 1047 super
789 954 831 1023 ld
850 952 897 1023 de
915 973 1030 1023 manu
1055 949 1093 1022 in
1117 974 1231 1023 manu
1257 954 1391 1025 ambu-

227 1054 306 1127 lare
332 1055 455 1146 debet⁷
481 1052 655 1150 quamvis
682 1050 822 1124 multas
846 1049 1073 1125 vindicionis
1100 1075 1145 1124 ex
1172 1050 1239 1125 illo
1266 1052 1390 1128 factas

227 1153 405 1248 fuissent,
436 1154 668 1250 usquedum
695 1154 741 1225 ad
770 1176 814 1225 ea
841 1175 955 1224 rnanu
983 1151 1105 1247 venit‚
1134 1152 1197 1250 qui
1222 1177 1310 1227 eum
1332 1153 1390 1227 in·

228 1279 393 1354 genuum
413 1253 575 1327 demisit.
612 1255 658 1326 Et
676 1264 764 1326 tunc
784 1277 828 1325 ex
848 1277 892 1326 eo
912 1252 1075 1326 iudicius
1096 1252 1272 1350 superius
1299 1279 1388 1330 con-

226 1355 436 1453 prehensus
456 1353 718 1453 adimpleatur.

327 1459 361 1532 9.
390 1455 431 1528 Si
451 1468 578 1530 autem
597 1453 806 1529 tabularius
825 1452 1001 1527 ancillam
1020 1453 1166 1552 regiam
1185 1465 1251 1528 aut
1264 1457 1389 1530 eccle·

224 1556 420 1631 siasticam
444 1581 512 1630 seu
538 1555 714 1630 ancillam
739 1554 914 1628 tabularii
940 1554 979 1627 in
1004 1554 1287 1629 matrimonium
1311 1556 1386 1631 sibi

224 1657 392 1731 sociatus
418 1657 549 1754 fuerit,
577 1656 702 1754 ipsum
729 1679 814 1728 curn
840 1680 885 1729 ea
908 1680 1040 1730 servus
1065 1669 1297 1754 permaneat.
1343 1659 1384 1734 Si

224 1770 351 1832 autern
378 1769 525 1831 tanturn
552 1759 748 1831 mechatus
769 1755 902 1852 fuerit,
933 1761 966 1833 8.
995 1757 1120 1830 medio
1157 1758 1278 1832 solido
1305 1761 1386 1834 cul-

118 1903 143 1946 ρ.
160 1857 359 1955 arapabilis
379 1857 576 1954 iudicetur,
606 1870 671 1932 ant
690 1882 774 1930 curn
794 1883 861 1932 sex
880 1857 979 1931 iurit.
1018 1858 1125 1946 Quod
1145 1858 1177 1932 si
1195 1861 1385 1936 tabularia

221 1958 296 2033 hoc
314 1958 459 2055 feeerit,
478 1959 562 2057 ipsa
578 1971 616 2033 et
630 1959 826 2058 generatio
842 1958 924 2032 eius
940 1958 978 2030 in
991 1959 1151 2033 servicio
1166 1959 1384 2037 inclinetur.

329 2063 385 2133 10.
412 2057 476 2134 Si*
489 2072 616 2134 autern
630 2061 838 2134 tabularius
854 2059 1032 2132 ancillam
1046 2061 1261 2134 Ribuariam
1276 2087 1385 2138 acce·

222 2159 333 2259 perit,
352 2185 428 2234 non
446 2160 532 2259 ipsi,
551 2164 618 2236 sed
638 2161 832 2261 generatio
852 2160 934 2234 eius
953 2161 1105 2234 serviat.

326 2260 351 2344 *l
374 2271 405 2326 ln
424 2270 511 2326 codd
531 2277 610 2340 copul
629 2269 671 2325 10.
690 2275 727 2326 tto
747 2273 855 2341 lenitur:
880 2259 931 2321 Sic
953 2279 1021 2320 cum
1044 2260 1210 2323 Ribuarius
1233 2261 1383 2325 ancillam

371 2342 554 2404 Ribuariam
571 2342 730 2422 acciperit,
748 2362 809 2403 non
825 2342 903 2424 ipse,
920 2344 975 2406 sed
992 2344 1152 2423 generatio
1169 2344 1234 2408 eius
1250 2347 1383 2412 serviat.

372 2426 519 2487 Similiter
546 2437 577 2488 et
603 2427 760 2488 tabularia
785 2428 834 2487 vel
861 2428 947 2508 regia
974 2436 1028 2489 aut
1048 2429 1193 2490 Romana
1214 2431 1332 2494 femina
1356 2432 1384 2494 si

373 2528 497 2570 servum
527 2509 709 2571 Ribuarium
740 2510 903 2591 acciperit,
933 2531 996 2573 non
1019 2513 1103 2593 ipsa,
1133 2515 1190 2575 sed
1216 2517 1383 2596 generatio

372 2592 438 2653 eius
461 2592 586 2654 serviat.

325 2684 380 2752 ll.
422 2678 461 2752 Si
487 2677 781 2775 ecclesiasticos,
805 2680 996 2754 Romanus
1022 2684 1083 2756 vel
1108 2684 1237 2782 regius
1262 2686 1382 2761 homo

703 2907 848 2965 acono.
868 2891 911 2964 B.

217 3025 394 3105 sumpserit,
416 3033 489 3086 tunc
509 3025 572 3098 ille,
596 3026 681 3088 cuius
703 3047 813 3089 servus
836 3035 894 3101 est,
916 3048 1097 3110 supereum
1114 3050 1239 3092 manum
1256 3031 1385 3095 mittere

217 3108 322 3170 debet.
358 3107 444 3170 Etsi
468 3110 638 3173 tabularius
661 3119 718 3184 est,
739 3113 790 3173 vel
811 3113 916 3192 regius
938 3132 994 3175 seu
1012 3115 1170 3176 Romanus
1194 3114 1300 3185 homo,
1326 3117 1383 3197 qui

216 3191 278 3254 hoc
299 3191 384 3265 lacit,
407 3213 502 3275 super
524 3203 644 3276 septem
661 3202 779 3269 noctes
803 3196 828 3257 si
844 3197 990 3269 Francus,
1012 3217 1107 3276 super
1124 3198 1380 3276 quattuordecim

218 3276 257 3337 de
287 3295 380 3338 manu
410 3276 441 3338 in
467 3298 593 3340 manum
623 3277 786 3340 ambulare
816 3280 919 3350 debet,
950 3280 1091 3358 quamvis
1123 3280 1239 3340 multae
1263 3285 1385 3344 vendi-

218 3360 318 3422 tiones
334 3381 376 3422 ex
391 3361 445 3423 illo
461 3364 563 3425 factae
581 3363 720 3436 luissent,
743 3381 843 3443 usque
865 3362 937 3422 dum
955 3365 995 3423 ad
1017 3381 1087 3424 eam
1113 3381 1237 3424 manum
1260 3366 1385 3444 veniat,

216 3463 299 3526 quae
329 3464 399 3507 eum
427 3447 594 3529 ingenuum
617 3445 741 3511 dimisit.
784 3447 823 3506 at
845 3453 918 3507 tunc
940 3466 979 3507 ex
1001 3465 1040 3508 eo
1063 3446 1209 3508 iudicium
1232 3450 1384 3529 superius

217 3529 491 3610 conpraehensum
514 3531 733 3611 adimpleatur.

320 3617 350 3679 9.
387 3614 418 3675 Si
442 3621 546 3676 autem
570 3615 742 3675 tabularius
765 3612 910 3674 ancillam
925 3614 1044 3693 regiam
1061 3624 1115 3676 aut
1130 3615 1379 3681 ecclesiasticam

216 3716 272 3758 seu
294 3697 438 3758 ancillam
461 3697 604 3760 tabularii
626 3696 658 3757 in
681 3698 912 3758 matrimonium
936 3699 995 3759 sibi
1017 3699 1154 3763 sociatus
1176 3701 1278 3774 inerit,
1307 3701 1382 3783 ipse

97 3792 140 3851 'n
155 3793 286 3841 aeacum
309 3799 347 3841 ea
369 3801 478 3842 servus
500 3790 694 3864 permaneat.
729 3782 776 3843 *Si
800 3790 904 3844 autem
926 3790 1046 3844 tantum
1071 3786 1254 3848 moechatus
1270 3786 1379 3861 fuerit,

215 3864 245 3927 8.
268 3862 406 3926 dimedio
434 3865 537 3928 solido
561 3866 721 3946 culpabilis
744 3866 907 3938 iudicetur,
938 3875 992 3930 aut
1014 3889 1084 3930 cnm
1106 3875 1125 3936 6
1147 3870 1236 3932 iuret.
1281 3869 1378 3943 Quod

215 3945 241 4008 si
263 3946 427 4090 ltabularia
456 3949 518 4012 hoc
547 3950 672 4024 lecerit,
706 3950 775 4032 ipsa
805 3959 838 4012 et
864 3953 1025 4032 generatio
1056 3955 1121 4017 eius
1149 3955 1182 4015 in
1212 3954 1378 4017 servitium

211 4028 410 4093 incineutur.

320 4116 368 4180 10.
405 4114 436 4176 Si
459 4124 563 4178 autem
580 4119 752 4183 tabularius
769 4121 912 4183 ancillam
928 4121 1110 4184 Ribuariam
1128 4121 1286 4203 acciperit,
1309 4143 1377 4186 non

212 4199 289 4279 ipse,
313 4200 368 4260 sed
391 4203 551 4282 generatio
576 4204 642 4266 eius
665 4205 793 4268 serviat.

319 4287 367 4350 ll.
412 4284 442 4346 Si
466 4285 707 4363 ecclesiasticus,
730 4292 890 4354 Romanus
906 4292 955 4353 vel
971 4290 1073 4371 regius
1089 4289 1187 4352 homo
1203 4290 1375 4372 ingenuam
