2956 4944
645 327 723 385 LEX
741 327 929 386 alunnum.

703 523 727 577 u
745 522 847 579 couu.
866 506 906 579 Α.

737 642 843 716 LXll.

316 768 347 836 1.
387 761 428 837 Si
453 760 536 861 quis
564 785 714 835 servum
747 785 858 834 suurn
889 760 1131 836 tributarium
1162 772 1228 835 aut
1258 761 1372 836 litum

212 865 369 978 iecerat,
394 861 428 936 si
455 862 539 960 quis
565 887 651 936 eum
677 859 911 956 interficerit,
937 865 985 938 36
1006 862 1149 937 solidos
1171 862 1373 960 culpabilis

212 964 509 1151 Mdmliurliuod
543 1063 573 1135 si
615 1062 795 1136 dinariari
835 1088 921 1138 eum
953 1062 1134 1160 voluerit,
1174 1063 1373 1138 licentiam

211 1166 361 1239 habeat.
397 1164 444 1236 Et
460 1173 550 1236 tuno
567 1162 666 1240 200*
684 1163 827 1238 solidos
843 1163 961 1238 valiat
969 1162 997 1236 *.

317 1279 343 1365 ³¹⁶)
367 1279 420 1362 qui
441 1299 513 1342 eum
534 1279 700 1355 interfecit,
723 1283 785 1347 200
807 1280 928 1344 solidOS
951 1281 1054 1343 S⁰lVfll
1076 1291 1104 1349 θ·
1122 1293 1150 1348 ⁷·

726 1403 855 1476 LXlll.

318 1527 350 1597 1.
393 1521 435 1597 Si
464 1522 550 1621 quis
575 1521 770 1596 hominem
798 1522 834 1594 in
853 1523 1003 1597 hostem
1022 1522 1271 1621 interficeret,
1298 1533 1375 1599 tre·

214 1626 363 1725 plecem
381 1623 627 1721 weregildum
647 1622 847 1721 culpabilis
866 1623 1062 1698 iudicetur.

110 1797 132 1842 „
151 1781 202 1830 254.
317 1747 351 1818 2.
397 1742 452 1817 De
471 1754 607 1839 texaga
635 1740 823 1817 similiter.

733 1880 852 1953 LXIV.

315 1997 355 2075 Si
384 1998 468 2097 quis
495 1997 691 2073 hominem
717 1998 761 2072 ad
782 1999 935 2073 domurn
954 1997 1146 2096 propriam
1167 2021 1253 2073 cum
1272 1996 1376 2072 hari-

214 2099 321 2174 raida
365 2097 615 2196 interficeret,
660 2111 792 2174 auctor
827 2101 916 2173 facti
958 2111 998 2173 ut
1034 2099 1223 2197 triplicem
1258 2123 1376 2174 were·

216 2201 361 2302 gildum
403 2202 606 2298 multetur,
653 2213 690 2275 et
732 2212 810 2275 tres
845 2201 992 2299 priores
1029 2203 1078 2276 90
1114 2200 1259 2274 solidos
1297 2201 1376 2273 cul·

214 2302 358 2403 pabiles
384 2302 606 2377 iudicentur.
652 2303 698 2375 Et
717 2303 846 2401 quanti
867 2302 901 2375 ei
920 2301 1143 2401 sanguinem
1161 2302 1376 2398 funderent,

216 2404 474 2504 unusquisque
500 2403 747 2499 weregildum
775 2428 862 2476 eum
890 2415 1113 2501 conponant.
1158 2404 1204 2476 Et
1227 2404 1377 2502 quanti·

695 2639 719 2694 u
738 2638 839 2693 couu.
859 2622 901 2693 B.

743 2756 852 2820 thv.

332 2862 386 2922 De
408 2861 569 2922 homine
591 2858 657 2940 qui
680 2878 840 2921 servum
862 2859 1122 2922 tributarium
1145 2860 1255 2924 iacit.

324 2967 351 3031 i.
392 2964 423 3026 si
453 2963 521 3046 quis
551 2981 676 3027 servum
709 2983 799 3025 suum
829 2962 1027 3027 tributarium
1056 2971 1113 3026 aut
1141 2963 1227 3027 litum
1255 2963 1380 3038 lecerit,

217 3049 243 3110 si
266 3046 335 3130 quis
358 3067 428 3111 eum
451 3048 655 3120 interfecerit,
676 3049 717 3114 36
740 3046 851 3111 solidis
874 3047 1035 3128 culpabilis
1057 3048 1221 3111 iudicetur.

322 3136 352 3198 2.
396 3132 491 3207 Quod
519 3132 544 3196 si
574 3131 760 3194 dinarialem
791 3151 862 3193 euin
895 3133 1000 3194 iacere
1033 3132 1184 3206 voluerit,
1216 3131 1379 3196 licentiam

217 3215 344 3279 habeat.
386 3217 425 3277 Et
447 3222 522 3278 tunc
544 3220 606 3284 200
629 3215 750 3279 solidos
772 3216 885 3278 valeat.

747 3336 841 3397 LXV.

490 3441 544 3501 De
566 3437 725 3500 homine
747 3437 785 3498 in
808 3437 927 3498 hoste
949 3435 1097 3499 occiso.

325 3545 353 3609 1.
386 3543 416 3604 Si
434 3543 501 3625 quis
517 3540 678 3602 homiuem
693 3540 723 3600 in
740 3539 832 3601 hoste
852 3537 1051 3611 interfecerit,
1072 3537 1185 3619 triplici
1206 3537 1389 3620 weregildo.

218 3626 380 3709 culpabilis
402 3626 566 3689 iudicetur.

121 3740 143 3783 ρ.
158 3721 208 3773 att.
322 3716 352 3778 2.
389 3713 435 3773 De
456 3712 541 3772 furto
563 3707 715 3773 similiter.

743 3818 850 3880 LXVl.

407 3926 459 3985 De
480 3923 634 3985 homine
656 3923 698 3985 in
722 3923 836 3984 domo
860 3919 1026 4004 propria
1050 3921 1193 3984 occiso.

323 4027 354 4089 Si
384 4026 453 4109 quis
482 4027 642 4088 hominem
671 4027 703 4088 iu
726 4027 823 4088 domo
846 4024 975 4107 propria
998 4042 1067 4084 cum
1089 4023 1252 4086 hariraida
1274 4021 1382 4084 inter-

217 4111 336 4186 t'eocrit,
359 4118 469 4173 auctor
489 4111 562 4173 iacti
584 4109 697 4191 triplici
719 4111 898 4192 weregeldo
922 4109 1088 4180 multetur,
1115 4115 1146 4168 et
1167 4115 1231 4168 tres
1253 4105 1380 4188 priores

217 4200 260 4265 90
281 4195 389 4260 solidis
417 4195 589 4276 culpabiles
612 4195 797 4259 iudicentur.
839 4196 878 4256 Et
908 4194 1015 4275 quanti
1045 4191 1072 4252 ei
1095 4191 1275 4272 sanguinem
1300 4191 1381 4251 iun-

218 4282 331 4356 derint,
353 4280 566 4362 unusquisque
590 4279 759 4362 weregildo
782 4299 852 4342 eum
875 4282 1043 4360 conponat.
1075 4275 1114 4337 Et
1136 4275 1381 4356 quanticumque
