<?xml version="1.0" encoding="UTF-8"?>
<!DOCTYPE html PUBLIC "-//W3C//DTD XHTML 1.0 Transitional//EN"
    "http://www.w3.org/TR/xhtml1/DTD/xhtml1-transitional.dtd">
<html xmlns="http://www.w3.org/1999/xhtml" xml:lang="en" lang="en">
 <head>
  <title>
</title>
<meta http-equiv="Content-Type" content="text/html;charset=utf-8" />
  <meta name='ocr-system' content='tesseract 3.04.00' />
  <meta name='ocr-capabilities' content='ocr_page ocr_carea ocr_par ocr_line ocrx_word'/>
</head>
<body>
  <div class='ocr_page' id='page_1' title='image "./fontesiurisgerm02unkngoog_0023.png"; bbox 0 0 2956 4944; ppageno 0'>
   <div class='ocr_carea' id='block_1_1' title="bbox 232 338 932 397">
    <p class='ocr_par' dir='ltr' id='par_1_1' title="bbox 232 338 932 397">
     <span class='ocr_line' id='line_1_1' title="bbox 232 338 932 397; baseline -0.006 0"><span class='ocrx_word' id='word_1_1' title='bbox 232 342 266 397; x_wconf 86' lang='grc'><em>18</em></span> <span class='ocrx_word' id='word_1_2' title='bbox 652 339 728 396; x_wconf 79' lang='lat' dir='ltr'><em>LEX</em></span> <span class='ocrx_word' id='word_1_3' title='bbox 747 338 932 395; x_wconf 73' lang='lat' dir='ltr'><strong>RlBUARlA.</strong></span> 
     </span>
    </p>
   </div>
   <div class='ocr_carea' id='block_1_2' title="bbox 109 510 1355 1931">
    <p class='ocr_par' dir='ltr' id='par_1_2' title="bbox 109 510 1355 1931">
     <span class='ocr_line' id='line_1_2' title="bbox 230 510 1355 599; baseline -0.003 -22"><span class='ocrx_word' id='word_1_4' title='bbox 230 536 333 578; x_wconf 90' lang='lat' dir='ltr'><em>sermo</em></span> <span class='ocrx_word' id='word_1_5' title='bbox 349 515 394 577; x_wconf 93' lang='lat' dir='ltr'><em>ad</em></span> <span class='ocrx_word' id='word_1_6' title='bbox 408 513 549 578; x_wconf 79' lang='lat' dir='ltr'><em>Latinae</em></span> <span class='ocrx_word' id='word_1_7' title='bbox 564 515 799 599; x_wconf 84' lang='lat' dir='ltr'><em>qrammaticae</em></span> <span class='ocrx_word' id='word_1_8' title='bbox 814 533 957 589; x_wconf 88' lang='lat' dir='ltr'><em>normas,</em></span> <span class='ocrx_word' id='word_1_9' title='bbox 976 519 1135 595; x_wconf 88' lang='lat' dir='ltr'><em>quantum</em></span> <span class='ocrx_word' id='word_1_10' title='bbox 1143 510 1224 592; x_wconf 84' lang='lat' dir='ltr'><em>fieri</em></span> <span class='ocrx_word' id='word_1_11' title='bbox 1234 520 1355 595; x_wconf 78' lang='lat' dir='ltr'><em>potest,</em></span> 
     </span>
     <span class='ocr_line' id='line_1_3' title="bbox 232 594 1352 683; baseline -0.003 -23"><span class='ocrx_word' id='word_1_12' title='bbox 232 597 424 681; x_wconf 76' lang='lat' dir='ltr'><em>adoptatur.</em></span> <span class='ocrx_word' id='word_1_13' title='bbox 468 598 688 662; x_wconf 89' lang='lat' dir='ltr'><em>Numerorum</em></span> <span class='ocrx_word' id='word_1_14' title='bbox 709 598 816 683; x_wconf 87' lang='lat' dir='ltr'><em>siqnis</em></span> <span class='ocrx_word' id='word_1_15' title='bbox 837 597 1009 678; x_wconf 81' lang='lat' dir='ltr'><em>usurpatis</em></span> <span class='ocrx_word' id='word_1_16' title='bbox 1033 600 1087 677; x_wconf 84' lang='lat' dir='ltr'><em>(ut</em></span> <span class='ocrx_word' id='word_1_17' title='bbox 1108 617 1252 658; x_wconf 89' lang='lat' dir='ltr'><em>summae</em></span> <span class='ocrx_word' id='word_1_18' title='bbox 1273 594 1352 660; x_wconf 84' lang='lat' dir='ltr'><em>soti·</em></span> 
     </span>
     <span class='ocr_line' id='line_1_4' title="bbox 231 676 1353 764; baseline -0.002 -19"><span class='ocrx_word' id='word_1_19' title='bbox 231 682 348 745; x_wconf 90' lang='lat' dir='ltr'><em>dorum</em></span> <span class='ocrx_word' id='word_1_20' title='bbox 371 684 626 764; x_wconf 58' lang='lat' dir='ltr'><em>monimentum,</em></span> <span class='ocrx_word' id='word_1_21' title='bbox 653 681 782 744; x_wconf 87' lang='lat' dir='ltr'><em>numeri</em></span> <span class='ocrx_word' id='word_1_22' title='bbox 803 678 1004 743; x_wconf 85' lang='lat' dir='ltr'><em>distribut-ivi</em></span> <span class='ocrx_word' id='word_1_23' title='bbox 1025 676 1190 763; x_wconf 80' lang='lat' dir='ltr'><em>duplicati</em></span> <span class='ocrx_word' id='word_1_24' title='bbox 1211 687 1269 741; x_wconf 90' lang='lat' dir='ltr'><em>aut</em></span> <span class='ocrx_word' id='word_1_25' title='bbox 1291 682 1353 743; x_wconf 82' lang='lat' dir='ltr'><em>tri·</em></span> 
     </span>
     <span class='ocr_line' id='line_1_5' title="bbox 223 762 1354 850; baseline -0.001 -23"><span class='ocrx_word' id='word_1_26' title='bbox 223 764 349 850; x_wconf 73' lang='lat' dir='ltr'><em>plicati</em></span> <span class='ocrx_word' id='word_1_27' title='bbox 371 787 392 827; x_wconf 92' lang='lat' dir='ltr'><em>a</em></span> <span class='ocrx_word' id='word_1_28' title='bbox 414 774 501 829; x_wconf 81' lang='lat' dir='ltr'><em>teratu</em></span> <span class='ocrx_word' id='word_1_29' title='bbox 524 765 556 827; x_wconf 99' lang='grc' dir='ltr'><em>Β</em></span> <span class='ocrx_word' id='word_1_30' title='bbox 577 772 789 828; x_wconf 75' lang='lat' dir='ltr'><em>removentur.</em></span> <span class='ocrx_word' id='word_1_31' title='bbox 835 763 951 826; x_wconf 80' lang='lat' dir='ltr'><em>Tentui</em></span> <span class='ocrx_word' id='word_1_32' title='bbox 971 762 1054 846; x_wconf 86' lang='lat' dir='ltr'><em>leqis</em></span> <span class='ocrx_word' id='word_1_33' title='bbox 1079 763 1181 825; x_wconf 87' lang='lat' dir='ltr'><em>iudom</em></span> <span class='ocrx_word' id='word_1_34' title='bbox 1202 762 1354 826; x_wconf 87' lang='lat' dir='ltr'><em>rubrica-</em></span> 
     </span>
     <span class='ocr_line' id='line_1_6' title="bbox 230 846 1355 946; baseline 0 -36"><span class='ocrx_word' id='word_1_35' title='bbox 230 871 301 912; x_wconf 89' lang='lat' dir='ltr'><em>rum</em></span> <span class='ocrx_word' id='word_1_36' title='bbox 325 850 560 934; x_wconf 79' lang='lat' dir='ltr'><em>praemittitur.</em></span> <span class='ocrx_word' id='word_1_37' title='bbox 615 848 658 911; x_wconf 89' lang='lat' dir='ltr'><em>In</em></span> <span class='ocrx_word' id='word_1_38' title='bbox 688 856 777 910; x_wconf 82' lang='lat' dir='ltr'><em>teratu</em></span> <span class='ocrx_word' id='word_1_39' title='bbox 804 847 878 931; x_wconf 76' lang='lat' dir='ltr'><em>ipso</em></span> <span class='ocrx_word' id='word_1_40' title='bbox 911 847 1040 910; x_wconf 89' lang='lat' dir='ltr'><em>numeri</em></span> <span class='ocrx_word' id='word_1_41' title='bbox 1072 854 1167 946; x_wconf 84' lang='lat' dir='ltr'><em>atque</em></span> <span class='ocrx_word' id='word_1_42' title='bbox 1199 846 1355 910; x_wconf 87' lang='lat' dir='ltr'><em>rubricae</em></span> 
     </span>
     <span class='ocr_line' id='line_1_7' title="bbox 227 928 1354 1017; baseline 0.001 -24"><span class='ocrx_word' id='word_1_43' title='bbox 227 931 398 996; x_wconf 81' lang='lat' dir='ltr'><em>titulorum</em></span> <span class='ocrx_word' id='word_1_44' title='bbox 429 940 631 1017; x_wconf 79' lang='lat' dir='ltr'><em>repetuntur.</em></span> <span class='ocrx_word' id='word_1_45' title='bbox 686 930 786 995; x_wconf 79' lang='lat' dir='ltr'><em>Tituli</em></span> <span class='ocrx_word' id='word_1_46' title='bbox 825 932 862 993; x_wconf 91' lang='lat' dir='ltr'><em>in</em></span> <span class='ocrx_word' id='word_1_47' title='bbox 899 932 1014 1013; x_wconf 81' lang='lat' dir='ltr'><em>capita</em></span> <span class='ocrx_word' id='word_1_48' title='bbox 1045 928 1253 995; x_wconf 80' lang='lat' dir='ltr'><em>diuiduntur.</em></span> <span class='ocrx_word' id='word_1_49' title='bbox 1308 931 1354 994; x_wconf 86' lang='lat' dir='ltr'><em>In</em></span> 
     </span>
     <span class='ocr_line' id='line_1_8' title="bbox 228 1014 1353 1098; baseline -0.001 -22"><span class='ocrx_word' id='word_1_50' title='bbox 228 1017 469 1079; x_wconf 80' lang='lat' dir='ltr'><em>enumeratione</em></span> <span class='ocrx_word' id='word_1_51' title='bbox 491 1014 661 1079; x_wconf 87' lang='lat' dir='ltr'><em>titulorum</em></span> <span class='ocrx_word' id='word_1_52' title='bbox 683 1015 809 1078; x_wconf 90' lang='lat' dir='ltr'><em>codices</em></span> <span class='ocrx_word' id='word_1_53' title='bbox 831 1014 863 1076; x_wconf 92' lang='grc' dir='ltr'><em>Β</em></span> <span class='ocrx_word' id='word_1_54' title='bbox 884 1017 1025 1077; x_wconf 82' lang='lat' dir='ltr'><em>manime</em></span> <span class='ocrx_word' id='word_1_55' title='bbox 1047 1015 1134 1075; x_wconf 89' lang='lat' dir='ltr'><em>inter</em></span> <span class='ocrx_word' id='word_1_56' title='bbox 1154 1035 1187 1076; x_wconf 91' lang='lat' dir='ltr'><em>se</em></span> <span class='ocrx_word' id='word_1_57' title='bbox 1208 1035 1353 1098; x_wconf 88' lang='lat' dir='ltr'><em>conqru-</em></span> 
     </span>
     <span class='ocr_line' id='line_1_9' title="bbox 198 1094 1353 1186; baseline 0.001 -26"><span class='ocrx_word' id='word_1_58' title='bbox 198 1163 200 1168; x_wconf 72' lang='grc'><strong>,</strong></span> <span class='ocrx_word' id='word_1_59' title='bbox 228 1108 297 1165; x_wconf 91' lang='lat' dir='ltr'><em>unt.</em></span> <span class='ocrx_word' id='word_1_60' title='bbox 344 1100 463 1162; x_wconf 78' lang='lat' dir='ltr'><em>Tactus</em></span> <span class='ocrx_word' id='word_1_61' title='bbox 491 1097 574 1186; x_wconf 86' lang='lat' dir='ltr'><em>teqis</em></span> <span class='ocrx_word' id='word_1_62' title='bbox 600 1103 637 1162; x_wconf 93' lang='lat' dir='ltr'><em>in</em></span> <span class='ocrx_word' id='word_1_63' title='bbox 665 1099 852 1182; x_wconf 88' lang='lat' dir='ltr'><em>nonaqinta</em></span> <span class='ocrx_word' id='word_1_64' title='bbox 874 1119 978 1161; x_wconf 91' lang='lat' dir='ltr'><em>unum</em></span> <span class='ocrx_word' id='word_1_65' title='bbox 999 1094 1109 1160; x_wconf 75' lang='lat' dir='ltr'><em>titulos</em></span> <span class='ocrx_word' id='word_1_66' title='bbox 1133 1096 1240 1161; x_wconf 87' lang='lat' dir='ltr'><em>diuidi</em></span> <span class='ocrx_word' id='word_1_67' title='bbox 1261 1097 1353 1161; x_wconf 84' lang='lat' dir='ltr'><em>sobet.</em></span> 
     </span>
     <span class='ocr_line' id='line_1_10' title="bbox 109 1180 1354 1267; baseline 0.002 -26"><span class='ocrx_word' id='word_1_68' title='bbox 109 1196 149 1250; x_wconf 60' lang='grc' dir='ltr'><em>*η</em></span> <span class='ocrx_word' id='word_1_69' title='bbox 167 1201 217 1241; x_wconf 70' lang='grc' dir='ltr'><em>ιω.</em></span> <span class='ocrx_word' id='word_1_70' title='bbox 228 1183 340 1246; x_wconf 84' lang='lat' dir='ltr'><em>Editio</em></span> <span class='ocrx_word' id='word_1_71' title='bbox 363 1181 550 1247; x_wconf 86' lang='lat' dir='ltr'><em>Heroldina</em></span> <span class='ocrx_word' id='word_1_72' title='bbox 573 1183 686 1267; x_wconf 88' lang='lat' dir='ltr'><em>iqitur,</em></span> <span class='ocrx_word' id='word_1_73' title='bbox 709 1183 746 1245; x_wconf 92' lang='lat' dir='ltr'><em>in</em></span> <span class='ocrx_word' id='word_1_74' title='bbox 774 1181 832 1244; x_wconf 76' lang='lat'><em>*91</em></span> <span class='ocrx_word' id='word_1_75' title='bbox 857 1181 967 1244; x_wconf 82' lang='lat' dir='ltr'><em>titulos</em></span> <span class='ocrx_word' id='word_1_76' title='bbox 989 1180 1109 1259; x_wconf 81' lang='lat' dir='ltr'><em>diuisa,</em></span> <span class='ocrx_word' id='word_1_77' title='bbox 1138 1204 1236 1265; x_wconf 87' lang='lat' dir='ltr'><em>quam</em></span> <span class='ocrx_word' id='word_1_78' title='bbox 1257 1181 1354 1244; x_wconf 82' lang='lat' dir='ltr'><em>Pertz</em></span> 
     </span>
     <span class='ocr_line' id='line_1_11' title="bbox 228 1263 1354 1349; baseline -0.002 -20"><span class='ocrx_word' id='word_1_79' title='bbox 228 1266 381 1348; x_wconf 82' lang='lat' dir='ltr'><em>(‘Arcbiu</em></span> <span class='ocrx_word' id='word_1_80' title='bbox 398 1266 456 1328; x_wconf 89' lang='lat' dir='ltr'><em>der</em></span> <span class='ocrx_word' id='word_1_81' title='bbox 468 1263 751 1349; x_wconf 80' lang='lat' dir='ltr'><em>Gesetbscbaftfr‘tr</em></span> <span class='ocrx_word' id='word_1_82' title='bbox 766 1265 865 1328; x_wconf 81' lang='lat' dir='ltr'><em>ditere</em></span> <span class='ocrx_word' id='word_1_83' title='bbox 880 1265 1029 1329; x_wconf 76' lang='lat' dir='ltr'><em>deutsche</em></span> <span class='ocrx_word' id='word_1_84' title='bbox 1042 1263 1354 1327; x_wconf 77' lang='lat' dir='ltr'><em>Gescbicbtslounde&#39;</em></span> 
     </span>
     <span class='ocr_line' id='line_1_12' title="bbox 235 1347 1352 1434; baseline -0.003 -21"><span class='ocrx_word' id='word_1_85' title='bbox 235 1349 305 1429; x_wconf 86' lang='lat' dir='ltr'><em>VII,</em></span> <span class='ocrx_word' id='word_1_86' title='bbox 330 1349 421 1430; x_wconf 83' lang='lat'><strong>1839,</strong></span> <span class='ocrx_word' id='word_1_87' title='bbox 441 1371 477 1433; x_wconf 78' lang='lat' dir='ltr'><em>p.</em></span> <span class='ocrx_word' id='word_1_88' title='bbox 499 1350 579 1430; x_wconf 78' lang='lat'><em>751)</em></span> <span class='ocrx_word' id='word_1_89' title='bbox 609 1373 681 1413; x_wconf 90' lang='lat' dir='ltr'><em>cum</em></span> <span class='ocrx_word' id='word_1_90' title='bbox 709 1351 896 1434; x_wconf 79' lang='lat' dir='ltr'><em>antiquiore</em></span> <span class='ocrx_word' id='word_1_91' title='bbox 914 1347 1032 1432; x_wconf 86' lang='lat' dir='ltr'><em>forma</em></span> <span class='ocrx_word' id='word_1_92' title='bbox 1059 1347 1141 1433; x_wconf 85' lang='lat' dir='ltr'><em>teqis</em></span> <span class='ocrx_word' id='word_1_93' title='bbox 1161 1348 1352 1411; x_wconf 81' lang='lat' dir='ltr'><em>Ribuariae</em></span> 
     </span>
     <span class='ocr_line' id='line_1_13' title="bbox 226 1430 1352 1518; baseline -0.002 -22"><span class='ocrx_word' id='word_1_94' title='bbox 226 1455 405 1517; x_wconf 88' lang='lat' dir='ltr'><em>conqruere</em></span> <span class='ocrx_word' id='word_1_95' title='bbox 430 1436 573 1516; x_wconf 77' lang='lat' dir='ltr'><em>putauit,</em></span> <span class='ocrx_word' id='word_1_96' title='bbox 602 1435 792 1499; x_wconf 67' lang='lat' dir='ltr'><em>recentioris</em></span> <span class='ocrx_word' id='word_1_97' title='bbox 815 1437 932 1518; x_wconf 75' lang='lat' dir='ltr'><em>potius</em></span> <span class='ocrx_word' id='word_1_98' title='bbox 951 1431 1085 1516; x_wconf 91' lang='lat' dir='ltr'><em>formae</em></span> <span class='ocrx_word' id='word_1_99' title='bbox 1106 1432 1139 1493; x_wconf 94' lang='lat' dir='ltr'><em>B</em></span> <span class='ocrx_word' id='word_1_100' title='bbox 1167 1430 1352 1516; x_wconf 76' lang='lat' dir='ltr'><em>cuempiam</em></span> 
     </span>
     <span class='ocr_line' id='line_1_14' title="bbox 226 1515 1352 1602; baseline -0.001 -23"><span class='ocrx_word' id='word_1_101' title='bbox 226 1517 361 1581; x_wconf 80' lang='lat' dir='ltr'><em>eubibet.</em></span> <span class='ocrx_word' id='word_1_102' title='bbox 408 1515 536 1590; x_wconf 82' lang='lat' dir='ltr'><em>Quibus</em></span> <span class='ocrx_word' id='word_1_103' title='bbox 558 1518 760 1602; x_wconf 86' lang='lat' dir='ltr'><em>arqumentis</em></span> <span class='ocrx_word' id='word_1_104' title='bbox 781 1516 1031 1595; x_wconf 87' lang='lat' dir='ltr'><em>demonstratur,</em></span> <span class='ocrx_word' id='word_1_105' title='bbox 1054 1515 1179 1578; x_wconf 86' lang='lat' dir='ltr'><em>codices</em></span> <span class='ocrx_word' id='word_1_106' title='bbox 1193 1516 1225 1578; x_wconf 92' lang='grc' dir='ltr'><em>Β</em></span> <span class='ocrx_word' id='word_1_107' title='bbox 1247 1537 1287 1579; x_wconf 86' lang='lat' dir='ltr'><em>ecc</em></span> <span class='ocrx_word' id='word_1_108' title='bbox 1309 1537 1352 1578; x_wconf 86' lang='lat' dir='ltr'><em>ea</em></span> 
     </span>
     <span class='ocr_line' id='line_1_15' title="bbox 226 1597 1351 1684; baseline 0.001 -22"><span class='ocrx_word' id='word_1_109' title='bbox 226 1609 332 1664; x_wconf 81' lang='lat' dir='ltr'><em>temtus</em></span> <span class='ocrx_word' id='word_1_110' title='bbox 344 1599 463 1684; x_wconf 84' lang='lat' dir='ltr'><em>forma</em></span> <span class='ocrx_word' id='word_1_111' title='bbox 485 1622 632 1681; x_wconf 87' lang='lat' dir='ltr'><em>manare,</em></span> <span class='ocrx_word' id='word_1_112' title='bbox 662 1622 746 1684; x_wconf 86' lang='lat' dir='ltr'><em>quae</em></span> <span class='ocrx_word' id='word_1_113' title='bbox 775 1609 894 1664; x_wconf 86' lang='lat' dir='ltr'><em>certam</em></span> <span class='ocrx_word' id='word_1_114' title='bbox 916 1600 1085 1682; x_wconf 89' lang='lat' dir='ltr'><em>quandam</em></span> <span class='ocrx_word' id='word_1_115' title='bbox 1107 1597 1274 1662; x_wconf 85' lang='lat' dir='ltr'><em>titulorum</em></span> <span class='ocrx_word' id='word_1_116' title='bbox 1296 1598 1351 1663; x_wconf 88' lang='lat' dir='ltr'><em>di-</em></span> 
     </span>
     <span class='ocr_line' id='line_1_16' title="bbox 226 1680 1168 1768; baseline -0.002 -22"><span class='ocrx_word' id='word_1_117' title='bbox 226 1685 392 1763; x_wconf 87' lang='lat' dir='ltr'><em>visionem,</em></span> <span class='ocrx_word' id='word_1_118' title='bbox 416 1707 436 1746; x_wconf 91' lang='lat' dir='ltr'><em>a</em></span> <span class='ocrx_word' id='word_1_119' title='bbox 459 1686 604 1768; x_wconf 84' lang='lat' dir='ltr'><em>qenuino</em></span> <span class='ocrx_word' id='word_1_120' title='bbox 627 1692 715 1746; x_wconf 70' lang='lat' dir='ltr'><em>teratu</em></span> <span class='ocrx_word' id='word_1_121' title='bbox 739 1680 892 1763; x_wconf 83' lang='lat' dir='ltr'><em>alienam,</em></span> <span class='ocrx_word' id='word_1_122' title='bbox 914 1685 982 1746; x_wconf 91' lang='lat' dir='ltr'><em>iam</em></span> <span class='ocrx_word' id='word_1_123' title='bbox 1003 1685 1168 1765; x_wconf 79' lang='lat' dir='ltr'><em>receperit.</em></span> 
     </span>
     <span class='ocr_line' id='line_1_17' title="bbox 310 1765 1349 1851; baseline 0 -21"><span class='ocrx_word' id='word_1_124' title='bbox 310 1766 423 1851; x_wconf 84' lang='lat' dir='ltr'><em>Neque</em></span> <span class='ocrx_word' id='word_1_125' title='bbox 445 1789 521 1830; x_wconf 92' lang='lat' dir='ltr'><em>uero</em></span> <span class='ocrx_word' id='word_1_126' title='bbox 543 1765 614 1830; x_wconf 84' lang='lat' dir='ltr'><em>sota</em></span> <span class='ocrx_word' id='word_1_127' title='bbox 625 1766 755 1851; x_wconf 75' lang='lat' dir='ltr'><em>formo,</em></span> <span class='ocrx_word' id='word_1_128' title='bbox 785 1767 841 1830; x_wconf 89' lang='lat' dir='ltr'><em>sed</em></span> <span class='ocrx_word' id='word_1_129' title='bbox 864 1769 961 1831; x_wconf 90' lang='lat' dir='ltr'><em>etiam</em></span> <span class='ocrx_word' id='word_1_130' title='bbox 982 1767 1060 1849; x_wconf 81' lang='lat' dir='ltr'><em>ipsa</em></span> <span class='ocrx_word' id='word_1_131' title='bbox 1080 1788 1131 1830; x_wconf 89' lang='lat' dir='ltr'><em>res</em></span> <span class='ocrx_word' id='word_1_132' title='bbox 1176 1788 1237 1828; x_wconf 91' lang='lat' dir='ltr'><em>uae</em></span> <span class='ocrx_word' id='word_1_133' title='bbox 1258 1775 1349 1830; x_wconf 88' lang='lat' dir='ltr'><em>trac-</em></span> 
     </span>
     <span class='ocr_line' id='line_1_18' title="bbox 225 1789 1352 1931; baseline 0.002 -19"><span class='ocrx_word' id='word_1_134' title='bbox 225 1858 327 1931; x_wconf 88' lang='lat' dir='ltr'><em>tatur,</em></span> <span class='ocrx_word' id='word_1_135' title='bbox 349 1852 387 1913; x_wconf 90' lang='lat' dir='ltr'><em>in</em></span> <span class='ocrx_word' id='word_1_136' title='bbox 403 1850 567 1914; x_wconf 77' lang='lat' dir='ltr'><em>codicibus</em></span> <span class='ocrx_word' id='word_1_137' title='bbox 582 1851 614 1913; x_wconf 93' lang='grc' dir='ltr'><em>Β</em></span> <span class='ocrx_word' id='word_1_138' title='bbox 628 1852 799 1914; x_wconf 87' lang='lat' dir='ltr'><em>immutata</em></span> <span class='ocrx_word' id='word_1_139' title='bbox 814 1859 868 1931; x_wconf 82' lang='lat' dir='ltr'><em>est,</em></span> <span class='ocrx_word' id='word_1_140' title='bbox 891 1874 964 1913; x_wconf 90' lang='lat' dir='ltr'><em>cum</em></span> <span class='ocrx_word' id='word_1_141' title='bbox 985 1853 1021 1912; x_wconf 90' lang='lat' dir='ltr'><em>in</em></span> <span class='ocrx_word' id='word_1_142' title='bbox 1043 1849 1135 1914; x_wconf 84' lang='lat' dir='ltr'><em>titulo</em></span> <span class='ocrx_word' id='word_1_143' title='bbox 1154 1789 1208 1913; x_wconf 64' lang='lat' dir='ltr'><em>bb.</em></span> <span class='ocrx_word' id='word_1_144' title='bbox 1232 1849 1352 1914; x_wconf 87' lang='lat' dir='ltr'><em>clerico</em></span> 
     </span>
    </p>
   </div>
   <div class='ocr_carea' id='block_1_3' title="bbox 222 1933 1352 2438">
    <p class='ocr_par' dir='ltr' id='par_1_3' title="bbox 225 1933 1352 2102">
     <span class='ocr_line' id='line_1_19' title="bbox 225 1933 1352 2019; baseline 0 -23"><span class='ocrx_word' id='word_1_145' title='bbox 225 1935 370 2018; x_wconf 82' lang='lat' dir='ltr'><em>inqenuo</em></span> <span class='ocrx_word' id='word_1_146' title='bbox 387 1934 596 2019; x_wconf 85' lang='lat' dir='ltr'><em>wereqeldum</em></span> <span class='ocrx_word' id='word_1_147' title='bbox 608 1935 742 2014; x_wconf 73' lang='lat' dir='ltr'><em>Franci,</em></span> <span class='ocrx_word' id='word_1_148' title='bbox 758 1934 898 1998; x_wconf 87' lang='lat' dir='ltr'><em>diacono</em></span> <span class='ocrx_word' id='word_1_149' title='bbox 915 1943 1009 2018; x_wconf 88' lang='lat' dir='ltr'><em>atque</em></span> <span class='ocrx_word' id='word_1_150' title='bbox 1024 1933 1224 1998; x_wconf 87' lang='lat' dir='ltr'><em>subdiacono</em></span> <span class='ocrx_word' id='word_1_151' title='bbox 1238 1934 1352 1996; x_wconf 87' lang='lat' dir='ltr'><em>maius</em></span> 
     </span>
     <span class='ocr_line' id='line_1_20' title="bbox 225 2016 635 2102; baseline 0 -22"><span class='ocrx_word' id='word_1_152' title='bbox 225 2016 437 2102; x_wconf 82' lang='lat' dir='ltr'><em>coereqeidum</em></span> <span class='ocrx_word' id='word_1_153' title='bbox 459 2019 635 2082; x_wconf 88' lang='lat' dir='ltr'><em>tribuatur.</em></span> 
     </span>
    </p>

    <p class='ocr_par' dir='ltr' id='par_1_4' title="bbox 222 2101 1352 2354">
     <span class='ocr_line' id='line_1_21' title="bbox 311 2101 1352 2186; baseline 0 -22"><span class='ocrx_word' id='word_1_154' title='bbox 311 2102 490 2186; x_wconf 76' lang='lat' dir='ltr'><em>Apporeti</em></span> <span class='ocrx_word' id='word_1_155' title='bbox 520 2103 590 2182; x_wconf 81' lang='lat' dir='ltr'><em>tur,</em></span> <span class='ocrx_word' id='word_1_156' title='bbox 614 2125 634 2164; x_wconf 89' lang='lat' dir='ltr'><em>a</em></span> <span class='ocrx_word' id='word_1_157' title='bbox 651 2101 819 2165; x_wconf 74' lang='lat' dir='ltr'><em>codicibus</em></span> <span class='ocrx_word' id='word_1_158' title='bbox 834 2102 866 2165; x_wconf 94' lang='grc' dir='ltr'><em>Β</em></span> <span class='ocrx_word' id='word_1_159' title='bbox 881 2110 1001 2164; x_wconf 81' lang='lat' dir='ltr'><em>tentum</em></span> <span class='ocrx_word' id='word_1_160' title='bbox 1022 2102 1230 2164; x_wconf 82' lang='lat' dir='ltr'><em>recentiorem</em></span> <span class='ocrx_word' id='word_1_161' title='bbox 1252 2108 1352 2184; x_wconf 87' lang='lat' dir='ltr'><em>atque</em></span> 
     </span>
     <span class='ocr_line' id='line_1_22' title="bbox 225 2126 1351 2271; baseline -0.002 -24"><span class='ocrx_word' id='word_1_162' title='bbox 225 2187 429 2250; x_wconf 88' lang='lat' dir='ltr'><em>emendatum</em></span> <span class='ocrx_word' id='word_1_163' title='bbox 451 2126 604 2266; x_wconf 70' lang='lat' dir='ltr'><em>enbiberi,</em></span> <span class='ocrx_word' id='word_1_164' title='bbox 628 2208 689 2271; x_wconf 90' lang='lat' dir='ltr'><em>quo</em></span> <span class='ocrx_word' id='word_1_165' title='bbox 712 2193 800 2249; x_wconf 83' lang='lat' dir='ltr'><em>teutu</em></span> <span class='ocrx_word' id='word_1_166' title='bbox 815 2185 948 2271; x_wconf 85' lang='lat' dir='ltr'><em>uuiqato</em></span> <span class='ocrx_word' id='word_1_167' title='bbox 964 2184 1184 2269; x_wconf 85' lang='lat' dir='ltr'><em>Karoiinqico</em></span> <span class='ocrx_word' id='word_1_168' title='bbox 1207 2193 1297 2246; x_wconf 89' lang='lat' dir='ltr'><em>aetas</em></span> <span class='ocrx_word' id='word_1_169' title='bbox 1319 2193 1351 2247; x_wconf 84' lang='lat' dir='ltr'><em>et</em></span> 
     </span>
     <span class='ocr_line' id='line_1_23' title="bbox 222 2272 1210 2354; baseline -0.006 -20"><span class='ocrx_word' id='word_1_170' title='bbox 222 2272 409 2353; x_wconf 79' lang='lat' dir='ltr'><em>posteriora</em></span> <span class='ocrx_word' id='word_1_171' title='bbox 432 2280 578 2354; x_wconf 79' lang='lat' dir='ltr'><em>tempora</em></span> <span class='ocrx_word' id='word_1_172' title='bbox 599 2273 783 2333; x_wconf 89' lang='lat' dir='ltr'><em>utebantur.</em></span> <span class='ocrx_word' id='word_1_173' title='bbox 1207 2320 1210 2328; x_wconf 93' lang='lat'>.</span> 
     </span>
    </p>

    <p class='ocr_par' dir='ltr' id='par_1_5' title="bbox 312 2349 1348 2438">
     <span class='ocr_line' id='line_1_24' title="bbox 312 2349 1348 2438; baseline -0.001 -23"><span class='ocrx_word' id='word_1_174' title='bbox 312 2352 383 2426; x_wconf 79' lang='lat' dir='ltr'><em>Quo</em></span> <span class='ocrx_word' id='word_1_175' title='bbox 399 2363 487 2418; x_wconf 87' lang='lat' dir='ltr'><em>teoctu</em></span> <span class='ocrx_word' id='word_1_176' title='bbox 502 2353 646 2418; x_wconf 86' lang='lat' dir='ltr'><em>Karalus</em></span> <span class='ocrx_word' id='word_1_177' title='bbox 661 2354 809 2438; x_wconf 88' lang='lat' dir='ltr'><em>Maqnus</em></span> <span class='ocrx_word' id='word_1_178' title='bbox 828 2374 908 2416; x_wconf 88' lang='lat' dir='ltr'><em>usus</em></span> <span class='ocrx_word' id='word_1_179' title='bbox 920 2351 1040 2436; x_wconf 77' lang='lat' dir='ltr'><em>fuerit,</em></span> <span class='ocrx_word' id='word_1_180' title='bbox 1063 2375 1135 2415; x_wconf 92' lang='lat' dir='ltr'><em>cum</em></span> <span class='ocrx_word' id='word_1_181' title='bbox 1153 2349 1348 2435; x_wconf 77' lang='lat' dir='ltr'><em>Capitulare</em></span> 
     </span>
    </p>
   </div>
   <div class='ocr_carea' id='block_1_4' title="bbox 217 2435 1349 3780">
    <p class='ocr_par' dir='ltr' id='par_1_6' title="bbox 217 2435 1349 3608">
     <span class='ocr_line' id='line_1_25' title="bbox 225 2435 1347 2520; baseline -0.001 -22"><span class='ocrx_word' id='word_1_182' title='bbox 225 2459 321 2500; x_wconf 90' lang='lat' dir='ltr'><em>suum</em></span> <span class='ocrx_word' id='word_1_183' title='bbox 348 2435 376 2499; x_wconf 84' lang='lat' dir='ltr'><em>te</em></span> <span class='ocrx_word' id='word_1_184' title='bbox 401 2439 414 2498; x_wconf 92' lang='lat' dir='ltr'><em>i</em></span> <span class='ocrx_word' id='word_1_185' title='bbox 435 2437 619 2500; x_wconf 83' lang='lat' dir='ltr'><em>Bibuariae</em></span> <span class='ocrx_word' id='word_1_186' title='bbox 650 2436 801 2500; x_wconf 88' lang='lat' dir='ltr'><em>additum</em></span> <span class='ocrx_word' id='word_1_187' title='bbox 829 2458 918 2499; x_wconf 91' lang='lat' dir='ltr'><em>anno</em></span> <span class='ocrx_word' id='word_1_188' title='bbox 940 2436 1012 2501; x_wconf 84' lang='lat'>803.</span> <span class='ocrx_word' id='word_1_189' title='bbox 1041 2444 1252 2518; x_wconf 77' lang='lat' dir='ltr'><em>componeret,</em></span> <span class='ocrx_word' id='word_1_190' title='bbox 1279 2457 1347 2520; x_wconf 76' lang='lat' dir='ltr'><em>pro</em></span> 
     </span>
     <span class='ocr_line' id='line_1_26' title="bbox 225 2460 1349 2602; baseline 0 -19"><span class='ocrx_word' id='word_1_191' title='bbox 225 2530 309 2583; x_wconf 89' lang='lat' dir='ltr'><em>certo</em></span> <span class='ocrx_word' id='word_1_192' title='bbox 325 2460 461 2600; x_wconf 65' lang='lat' dir='ltr'><em>destqnire</em></span> <span class='ocrx_word' id='word_1_193' title='bbox 476 2522 534 2582; x_wconf 81' lang='lat' dir='ltr'><em>oin</em></span> <span class='ocrx_word' id='word_1_194' title='bbox 580 2542 737 2584; x_wconf 85' lang='lat' dir='ltr'><em>assumus.</em></span> <span class='ocrx_word' id='word_1_195' title='bbox 780 2519 822 2582; x_wconf 92' lang='lat' dir='ltr'><em>Id</em></span> <span class='ocrx_word' id='word_1_196' title='bbox 844 2528 969 2582; x_wconf 90' lang='lat' dir='ltr'><em>tantum</em></span> <span class='ocrx_word' id='word_1_197' title='bbox 992 2529 1145 2602; x_wconf 73' lang='lat' dir='ltr'><em>apparet,</em></span> <span class='ocrx_word' id='word_1_198' title='bbox 1169 2522 1204 2599; x_wconf 86' lang='lat'><em>1)</em></span> <span class='ocrx_word' id='word_1_199' title='bbox 1226 2527 1349 2583; x_wconf 83' lang='lat' dir='ltr'><em>tentum</em></span> 
     </span>
     <span class='ocr_line' id='line_1_27' title="bbox 224 2543 1347 2689; baseline 0.001 -25"><span class='ocrx_word' id='word_1_200' title='bbox 224 2611 372 2667; x_wconf 92' lang='lat' dir='ltr'><em>nostrum</em></span> <span class='ocrx_word' id='word_1_201' title='bbox 400 2603 481 2688; x_wconf 83' lang='lat' dir='ltr'><em>teqis</em></span> <span class='ocrx_word' id='word_1_202' title='bbox 503 2543 689 2667; x_wconf 62' lang='lat' dir='ltr'><em>Riiuoriae</em></span> <span class='ocrx_word' id='word_1_203' title='bbox 718 2605 787 2667; x_wconf 87' lang='lat' dir='ltr'><em>iam</em></span> <span class='ocrx_word' id='word_1_204' title='bbox 815 2611 882 2666; x_wconf 92' lang='lat' dir='ltr'><em>tum</em></span> <span class='ocrx_word' id='word_1_205' title='bbox 912 2602 1091 2687; x_wconf 88' lang='lat' dir='ltr'><em>confectum</em></span> <span class='ocrx_word' id='word_1_206' title='bbox 1121 2612 1149 2666; x_wconf 88' lang='lat' dir='ltr'><em>et</em></span> <span class='ocrx_word' id='word_1_207' title='bbox 1171 2603 1269 2689; x_wconf 88' lang='lat' dir='ltr'><em>quasi</em></span> <span class='ocrx_word' id='word_1_208' title='bbox 1291 2603 1347 2666; x_wconf 91' lang='lat' dir='ltr'><em>ab·</em></span> 
     </span>
     <span class='ocr_line' id='line_1_28' title="bbox 224 2684 1349 2772; baseline 0 -22"><span class='ocrx_word' id='word_1_209' title='bbox 224 2684 365 2750; x_wconf 83' lang='lat' dir='ltr'><em>solutum</em></span> <span class='ocrx_word' id='word_1_210' title='bbox 376 2686 500 2771; x_wconf 86' lang='lat' dir='ltr'><em>fuisse,</em></span> <span class='ocrx_word' id='word_1_211' title='bbox 530 2710 602 2750; x_wconf 91' lang='lat' dir='ltr'><em>cum</em></span> <span class='ocrx_word' id='word_1_212' title='bbox 628 2687 713 2751; x_wconf 86' lang='lat' dir='ltr'><em>idem</em></span> <span class='ocrx_word' id='word_1_213' title='bbox 736 2687 816 2751; x_wconf 92' lang='lat' dir='ltr'><em>ordo</em></span> <span class='ocrx_word' id='word_1_214' title='bbox 838 2707 957 2767; x_wconf 86' lang='lat' dir='ltr'><em>rerum,</em></span> <span class='ocrx_word' id='word_1_215' title='bbox 980 2710 1078 2772; x_wconf 59' lang='lat' dir='ltr'><em>quem&gt;</em></span> <span class='ocrx_word' id='word_1_216' title='bbox 1094 2688 1220 2752; x_wconf 88' lang='lat' dir='ltr'><em>codices</em></span> <span class='ocrx_word' id='word_1_217' title='bbox 1242 2689 1349 2751; x_wconf 90' lang='lat' dir='ltr'><em>nostri</em></span> 
     </span>
     <span class='ocr_line' id='line_1_29' title="bbox 225 2770 1348 2855; baseline 0.001 -22"><span class='ocrx_word' id='word_1_218' title='bbox 225 2770 354 2851; x_wconf 79' lang='lat' dir='ltr'><em>babent,</em></span> <span class='ocrx_word' id='word_1_219' title='bbox 383 2780 411 2833; x_wconf 94' lang='lat' dir='ltr'><em>et</em></span> <span class='ocrx_word' id='word_1_220' title='bbox 439 2771 525 2834; x_wconf 86' lang='lat' dir='ltr'><em>idem</em></span> <span class='ocrx_word' id='word_1_221' title='bbox 543 2770 621 2855; x_wconf 86' lang='lat' dir='ltr'><em>fere</em></span> <span class='ocrx_word' id='word_1_222' title='bbox 650 2793 805 2836; x_wconf 91' lang='lat' dir='ltr'><em>numerus</em></span> <span class='ocrx_word' id='word_1_223' title='bbox 833 2770 1012 2853; x_wconf 87' lang='lat' dir='ltr'><em>titulorum,</em></span> <span class='ocrx_word' id='word_1_224' title='bbox 1042 2774 1100 2855; x_wconf 91' lang='lat' dir='ltr'><em>qui</em></span> <span class='ocrx_word' id='word_1_225' title='bbox 1127 2774 1163 2835; x_wconf 90' lang='lat' dir='ltr'><em>in</em></span> <span class='ocrx_word' id='word_1_226' title='bbox 1181 2770 1348 2855; x_wconf 78' lang='lat' dir='ltr'><em>plerisque</em></span> 
     </span>
     <span class='ocr_line' id='line_1_30' title="bbox 225 2853 1348 2940; baseline -0.001 -22"><span class='ocrx_word' id='word_1_227' title='bbox 225 2855 393 2919; x_wconf 81' lang='lat' dir='ltr'><em>codicibus</em></span> <span class='ocrx_word' id='word_1_228' title='bbox 424 2857 577 2937; x_wconf 84' lang='lat' dir='ltr'><em>occurrit,</em></span> <span class='ocrx_word' id='word_1_229' title='bbox 607 2857 810 2937; x_wconf 79' lang='lat' dir='ltr'><em>obseruatur·;</em></span> <span class='ocrx_word' id='word_1_230' title='bbox 842 2856 880 2936; x_wconf 79' lang='lat'><em>2)</em></span> <span class='ocrx_word' id='word_1_231' title='bbox 902 2853 1002 2940; x_wconf 80' lang='lat' dir='ltr'><em>leqem</em></span> <span class='ocrx_word' id='word_1_232' title='bbox 1024 2856 1234 2936; x_wconf 82' lang='lat' dir='ltr'><em>Ribuariam,</em></span> <span class='ocrx_word' id='word_1_233' title='bbox 1262 2877 1348 2939; x_wconf 89' lang='lat' dir='ltr'><em>quoe</em></span> 
     </span>
     <span class='ocr_line' id='line_1_31' title="bbox 225 2938 1348 3025; baseline -0.002 -23"><span class='ocrx_word' id='word_1_234' title='bbox 225 2948 302 3003; x_wconf 88' lang='lat' dir='ltr'><em>tunc</em></span> <span class='ocrx_word' id='word_1_235' title='bbox 324 2941 361 3003; x_wconf 90' lang='lat' dir='ltr'><em>in</em></span> <span class='ocrx_word' id='word_1_236' title='bbox 383 2961 446 3003; x_wconf 90' lang='lat' dir='ltr'><em>usu</em></span> <span class='ocrx_word' id='word_1_237' title='bbox 458 2939 543 3024; x_wconf 85' lang='lat' dir='ltr'><em>fuit,</em></span> <span class='ocrx_word' id='word_1_238' title='bbox 565 2941 634 3004; x_wconf 91' lang='lat' dir='ltr'><em>iam</em></span> <span class='ocrx_word' id='word_1_239' title='bbox 655 2941 691 3004; x_wconf 90' lang='lat' dir='ltr'><em>in</em></span> <span class='ocrx_word' id='word_1_240' title='bbox 713 2938 824 3005; x_wconf 84' lang='lat' dir='ltr'><em>titulos</em></span> <span class='ocrx_word' id='word_1_241' title='bbox 847 2944 948 3023; x_wconf 85' lang='lat' dir='ltr'><em>(quae</em></span> <span class='ocrx_word' id='word_1_242' title='bbox 971 2942 1007 3005; x_wconf 89' lang='lat' dir='ltr'><em>in</em></span> <span class='ocrx_word' id='word_1_243' title='bbox 1028 2939 1218 3025; x_wconf 75' lang='lat' dir='ltr'><em>Capitutari</em></span> <span class='ocrx_word' id='word_1_244' title='bbox 1239 2938 1348 3023; x_wconf 81' lang='lat' dir='ltr'><em>capita</em></span> 
     </span>
     <span class='ocr_line' id='line_1_32' title="bbox 227 3020 1347 3108; baseline -0.001 -22"><span class='ocrx_word' id='word_1_245' title='bbox 227 3028 403 3104; x_wconf 86' lang='lat' dir='ltr'><em>uocantur)</em></span> <span class='ocrx_word' id='word_1_246' title='bbox 426 3024 567 3089; x_wconf 88' lang='lat' dir='ltr'><em>diuisam</em></span> <span class='ocrx_word' id='word_1_247' title='bbox 580 3023 712 3108; x_wconf 87' lang='lat' dir='ltr'><em>fuisse;</em></span> <span class='ocrx_word' id='word_1_248' title='bbox 735 3023 882 3089; x_wconf 90' lang='lat' dir='ltr'><em>omnibus</em></span> <span class='ocrx_word' id='word_1_249' title='bbox 904 3027 990 3089; x_wconf 90' lang='lat' dir='ltr'><em>enim</em></span> <span class='ocrx_word' id='word_1_250' title='bbox 1005 3024 1169 3108; x_wconf 73' lang='lat' dir='ltr'><em>capitibus</em></span> <span class='ocrx_word' id='word_1_251' title='bbox 1186 3046 1207 3086; x_wconf 92' lang='lat' dir='ltr'><em>a</em></span> <span class='ocrx_word' id='word_1_252' title='bbox 1221 3020 1347 3086; x_wconf 78' lang='lat' dir='ltr'><em>Karoia</em></span> 
     </span>
     <span class='ocr_line' id='line_1_33' title="bbox 226 3104 1346 3192; baseline -0.001 -24"><span class='ocrx_word' id='word_1_253' title='bbox 226 3105 292 3191; x_wconf 85' lang='lat' dir='ltr'><em>leqi</em></span> <span class='ocrx_word' id='word_1_254' title='bbox 320 3107 506 3171; x_wconf 84' lang='lat' dir='ltr'><em>Ribuariae</em></span> <span class='ocrx_word' id='word_1_255' title='bbox 535 3108 659 3174; x_wconf 87' lang='lat' dir='ltr'><em>additis</em></span> <span class='ocrx_word' id='word_1_256' title='bbox 686 3129 840 3173; x_wconf 89' lang='lat' dir='ltr'><em>numerus</em></span> <span class='ocrx_word' id='word_1_257' title='bbox 868 3109 981 3192; x_wconf 85' lang='lat' dir='ltr'><em>capitis</em></span> <span class='ocrx_word' id='word_1_258' title='bbox 1009 3110 1130 3190; x_wconf 86' lang='lat' dir='ltr'><em>(idest</em></span> <span class='ocrx_word' id='word_1_259' title='bbox 1156 3104 1244 3169; x_wconf 83' lang='lat' dir='ltr'><em>tituli</em></span> <span class='ocrx_word' id='word_1_260' title='bbox 1264 3105 1346 3189; x_wconf 87' lang='lat' dir='ltr'><em>teqis</em></span> 
     </span>
     <span class='ocr_line' id='line_1_34' title="bbox 225 3189 1345 3277; baseline -0.004 -23"><span class='ocrx_word' id='word_1_261' title='bbox 225 3191 429 3272; x_wconf 83' lang='lat' dir='ltr'><em>Ribuariae)</em></span> <span class='ocrx_word' id='word_1_262' title='bbox 446 3214 528 3256; x_wconf 87' lang='lat' dir='ltr'><em>novo</em></span> <span class='ocrx_word' id='word_1_263' title='bbox 543 3194 617 3256; x_wconf 89' lang='lat' dir='ltr'><em>iure</em></span> <span class='ocrx_word' id='word_1_264' title='bbox 631 3192 822 3277; x_wconf 86' lang='lat' dir='ltr'><em>corriqendi</em></span> <span class='ocrx_word' id='word_1_265' title='bbox 861 3191 1043 3275; x_wconf 79' lang='lat' dir='ltr'><em>raefiqitur.</em></span> <span class='ocrx_word' id='word_1_266' title='bbox 1086 3189 1225 3252; x_wconf 91' lang='lat' dir='ltr'><em>Numeri</em></span> <span class='ocrx_word' id='word_1_267' title='bbox 1239 3196 1345 3249; x_wconf 89' lang='lat' dir='ltr'><em>autem</em></span> 
     </span>
     <span class='ocr_line' id='line_1_35' title="bbox 217 3213 1345 3361; baseline -0.004 -27"><span class='ocrx_word' id='word_1_268' title='bbox 217 3275 392 3338; x_wconf 80' lang='lat' dir='ltr'><em>’titulorum</em></span> <span class='ocrx_word' id='word_1_269' title='bbox 406 3275 489 3360; x_wconf 86' lang='lat' dir='ltr'><em>leqis</em></span> <span class='ocrx_word' id='word_1_270' title='bbox 503 3275 699 3357; x_wconf 81' lang='lat' dir='ltr'><em>Ribuariae‚</em></span> <span class='ocrx_word' id='word_1_271' title='bbox 722 3297 801 3361; x_wconf 92' lang='lat' dir='ltr'><em>quos</em></span> <span class='ocrx_word' id='word_1_272' title='bbox 815 3213 960 3338; x_wconf 51' lang='lat' dir='ltr'><em>dimotus</em></span> <span class='ocrx_word' id='word_1_273' title='bbox 981 3282 1108 3337; x_wconf 86' lang='lat' dir='ltr'><em>secutus</em></span> <span class='ocrx_word' id='word_1_274' title='bbox 1125 3293 1191 3334; x_wconf 89' lang='lat' dir='ltr'><em>esse</em></span> <span class='ocrx_word' id='word_1_275' title='bbox 1205 3269 1345 3351; x_wconf 83' lang='lat' dir='ltr'><em>uidetur,</em></span> 
     </span>
     <span class='ocr_line' id='line_1_36' title="bbox 226 3353 1345 3439; baseline -0.003 -18"><span class='ocrx_word' id='word_1_276' title='bbox 226 3380 299 3422; x_wconf 89' lang='lat' dir='ltr'><em>cum</em></span> <span class='ocrx_word' id='word_1_277' title='bbox 319 3367 407 3423; x_wconf 74' lang='lat' dir='ltr'><em>testu</em></span> <span class='ocrx_word' id='word_1_278' title='bbox 429 3359 484 3422; x_wconf 84' lang='lat' dir='ltr'><em>out</em></span> <span class='ocrx_word' id='word_1_279' title='bbox 510 3370 562 3423; x_wconf 91' lang='lat' dir='ltr'><em>ato</em></span> <span class='ocrx_word' id='word_1_280' title='bbox 584 3361 616 3423; x_wconf 93' lang='grc' dir='ltr'><em>Β</em></span> <span class='ocrx_word' id='word_1_281' title='bbox 637 3361 731 3424; x_wconf 89' lang='lat' dir='ltr'><em>modo</em></span> <span class='ocrx_word' id='word_1_282' title='bbox 754 3381 813 3423; x_wconf 92' lang='lat' dir='ltr'><em>con</em></span> <span class='ocrx_word' id='word_1_283' title='bbox 839 3366 948 3437; x_wconf 85' lang='lat' dir='ltr'><em>ruunt,</em></span> <span class='ocrx_word' id='word_1_284' title='bbox 970 3357 1064 3421; x_wconf 93' lang='lat' dir='ltr'><em>modo</em></span> <span class='ocrx_word' id='word_1_285' title='bbox 1081 3353 1223 3439; x_wconf 80' lang='lat' dir='ltr'><em>paulum</em></span> <span class='ocrx_word' id='word_1_286' title='bbox 1246 3353 1285 3416; x_wconf 88' lang='lat' dir='ltr'><em>ab</em></span> <span class='ocrx_word' id='word_1_287' title='bbox 1308 3375 1345 3418; x_wconf 92' lang='lat' dir='ltr'><em>eo</em></span> 
     </span>
     <span class='ocr_line' id='line_1_37' title="bbox 225 3381 1346 3527; baseline -0.003 -22"><span class='ocrx_word' id='word_1_288' title='bbox 225 3443 425 3527; x_wconf 76' lang='lat' dir='ltr'><em>discrepant.</em></span> <span class='ocrx_word' id='word_1_289' title='bbox 468 3383 695 3509; x_wconf 60' lang='lat' dir='ltr'><em>dirimamus</em></span> <span class='ocrx_word' id='word_1_290' title='bbox 716 3381 876 3506; x_wconf 76' lang='lat' dir='ltr'><em>Koroticm</em></span> <span class='ocrx_word' id='word_1_291' title='bbox 903 3449 1002 3521; x_wconf 84' lang='lat' dir='ltr'><em>teratu,</em></span> <span class='ocrx_word' id='word_1_292' title='bbox 1032 3441 1089 3525; x_wconf 84' lang='lat' dir='ltr'><em>qui</em></span> <span class='ocrx_word' id='word_1_293' title='bbox 1110 3439 1213 3502; x_wconf 79' lang='lat' dir='ltr'><em>teutui</em></span> <span class='ocrx_word' id='word_1_294' title='bbox 1235 3446 1346 3502; x_wconf 89' lang='lat' dir='ltr'><em>nostra</em></span> 
     </span>
     <span class='ocr_line' id='line_1_38' title="bbox 225 3525 931 3608; baseline -0.006 -19"><span class='ocrx_word' id='word_1_295' title='bbox 225 3526 258 3589; x_wconf 92' lang='grc' dir='ltr'><em>Β</em></span> <span class='ocrx_word' id='word_1_296' title='bbox 280 3526 397 3591; x_wconf 87' lang='lat' dir='ltr'><em>similis</em></span> <span class='ocrx_word' id='word_1_297' title='bbox 419 3537 499 3608; x_wconf 87' lang='lat' dir='ltr'><em>erat,</em></span> <span class='ocrx_word' id='word_1_298' title='bbox 521 3551 618 3592; x_wconf 76' lang='lat' dir='ltr'><em>cesum</em></span> <span class='ocrx_word' id='word_1_299' title='bbox 640 3550 706 3592; x_wconf 90' lang='lat' dir='ltr'><em>esse</em></span> <span class='ocrx_word' id='word_1_300' title='bbox 728 3525 931 3591; x_wconf 89' lang='lat' dir='ltr'><em>crediderim.</em></span> 
     </span>
    </p>

    <p class='ocr_par' dir='ltr' id='par_1_7' title="bbox 225 3607 1345 3780">
     <span class='ocr_line' id='line_1_39' title="bbox 312 3607 1345 3692; baseline -0.005 -18"><span class='ocrx_word' id='word_1_301' title='bbox 312 3608 405 3683; x_wconf 82' lang='lat' dir='ltr'><em>Quae</em></span> <span class='ocrx_word' id='word_1_302' title='bbox 427 3634 499 3675; x_wconf 92' lang='lat' dir='ltr'><em>cum</em></span> <span class='ocrx_word' id='word_1_303' title='bbox 521 3613 570 3676; x_wconf 92' lang='lat' dir='ltr'><em>ita</em></span> <span class='ocrx_word' id='word_1_304' title='bbox 592 3613 667 3692; x_wconf 80' lang='lat' dir='ltr'><em>sint,</em></span> <span class='ocrx_word' id='word_1_305' title='bbox 691 3611 816 3675; x_wconf 89' lang='lat' dir='ltr'><em>codices</em></span> <span class='ocrx_word' id='word_1_306' title='bbox 838 3610 869 3670; x_wconf 90' lang='lat' dir='ltr'><strong><em>A</em></strong></span> <span class='ocrx_word' id='word_1_307' title='bbox 892 3608 993 3671; x_wconf 88' lang='lat' dir='ltr'><em>aetati</em></span> <span class='ocrx_word' id='word_1_308' title='bbox 1016 3607 1270 3692; x_wconf 86' lang='lat' dir='ltr'><em>Merovinqicoe,</em></span> <span class='ocrx_word' id='word_1_309' title='bbox 1294 3628 1345 3670; x_wconf 93' lang='lat' dir='ltr'><em>co-</em></span> 
     </span>
     <span class='ocr_line' id='line_1_40' title="bbox 225 3691 1185 3780; baseline -0.005 -22"><span class='ocrx_word' id='word_1_310' title='bbox 225 3694 314 3758; x_wconf 89' lang='lat' dir='ltr'><em>dices</em></span> <span class='ocrx_word' id='word_1_311' title='bbox 335 3695 368 3756; x_wconf 93' lang='lat' dir='ltr'><em>B</em></span> <span class='ocrx_word' id='word_1_312' title='bbox 390 3698 490 3760; x_wconf 89' lang='lat' dir='ltr'><em>aetati</em></span> <span class='ocrx_word' id='word_1_313' title='bbox 511 3694 749 3780; x_wconf 87' lang='lat' dir='ltr'><em>Karalinqicae</em></span> <span class='ocrx_word' id='word_1_314' title='bbox 772 3693 914 3776; x_wconf 79' lang='lat' dir='ltr'><em>aptiores</em></span> <span class='ocrx_word' id='word_1_315' title='bbox 936 3691 1090 3755; x_wconf 89' lang='lat' dir='ltr'><em>videntur</em></span> <span class='ocrx_word' id='word_1_316' title='bbox 1110 3713 1185 3754; x_wconf 87' lang='lat' dir='ltr'><em>esse.</em></span> 
     </span>
    </p>
   </div>
   <div class='ocr_carea' id='block_1_5' title="bbox 609 3820 959 3988">
    <p class='ocr_par' dir='ltr' id='par_1_8' title="bbox 609 3820 959 3988">
     <span class='ocr_line' id='line_1_41' title="bbox 609 3820 959 3988; baseline -0.006 0"><span class='ocrx_word' id='word_1_317' title='bbox 609 3925 665 3988; x_wconf 89' lang='lat' dir='ltr'><em>De</em></span> <span class='ocrx_word' id='word_1_318' title='bbox 687 3820 897 3988; x_wconf 67' lang='lat' dir='ltr'><em>codicibus</em></span> <span class='ocrx_word' id='word_1_319' title='bbox 919 3922 959 3986; x_wconf 84' lang='lat' dir='ltr'><em>A.</em></span> 
     </span>
    </p>
   </div>
   <div class='ocr_carea' id='block_1_6' title="bbox 225 4020 1350 4366">
    <p class='ocr_par' dir='ltr' id='par_1_9' title="bbox 225 4020 1350 4366">
     <span class='ocr_line' id='line_1_42' title="bbox 311 4020 1348 4113; baseline -0.003 -25"><span class='ocrx_word' id='word_1_320' title='bbox 311 4024 383 4090; x_wconf 90' lang='lat' dir='ltr'><em>Iam</em></span> <span class='ocrx_word' id='word_1_321' title='bbox 412 4027 457 4090; x_wconf 94' lang='lat' dir='ltr'><em>ad</em></span> <span class='ocrx_word' id='word_1_322' title='bbox 486 4026 635 4113; x_wconf 86' lang='lat' dir='ltr'><em>sinqutos</em></span> <span class='ocrx_word' id='word_1_323' title='bbox 662 4025 797 4107; x_wconf 87' lang='lat' dir='ltr'><em>codices,</em></span> <span class='ocrx_word' id='word_1_324' title='bbox 830 4048 869 4088; x_wconf 93' lang='lat' dir='ltr'><em>ac</em></span> <span class='ocrx_word' id='word_1_325' title='bbox 894 4026 1040 4110; x_wconf 79' lang='lat' dir='ltr'><em>primum</em></span> <span class='ocrx_word' id='word_1_326' title='bbox 1068 4022 1196 4109; x_wconf 89' lang='lat' dir='ltr'><em>quidem</em></span> <span class='ocrx_word' id='word_1_327' title='bbox 1223 4020 1268 4085; x_wconf 90' lang='lat' dir='ltr'><em>ad</em></span> <span class='ocrx_word' id='word_1_328' title='bbox 1297 4043 1348 4085; x_wconf 89' lang='lat' dir='ltr'><em>co-</em></span> 
     </span>
     <span class='ocr_line' id='line_1_43' title="bbox 226 4104 1350 4195; baseline -0.006 -21"><span class='ocrx_word' id='word_1_329' title='bbox 226 4110 313 4174; x_wconf 89' lang='lat' dir='ltr'><em>dices</em></span> <span class='ocrx_word' id='word_1_330' title='bbox 328 4109 359 4172; x_wconf 90' lang='lat' dir='ltr'><em>A</em></span> <span class='ocrx_word' id='word_1_331' title='bbox 381 4110 473 4174; x_wconf 87' lang='lat' dir='ltr'><em>nobis</em></span> <span class='ocrx_word' id='word_1_332' title='bbox 494 4110 734 4174; x_wconf 87' lang='lat' dir='ltr'><em>transeundum</em></span> <span class='ocrx_word' id='word_1_333' title='bbox 757 4119 811 4174; x_wconf 90' lang='lat' dir='ltr'><em>est.</em></span> <span class='ocrx_word' id='word_1_334' title='bbox 856 4107 1015 4195; x_wconf 78' lang='lat' dir='ltr'><em>Simqulos</em></span> <span class='ocrx_word' id='word_1_335' title='bbox 1037 4116 1144 4171; x_wconf 91' lang='lat' dir='ltr'><em>autem</em></span> <span class='ocrx_word' id='word_1_336' title='bbox 1167 4104 1291 4170; x_wconf 88' lang='lat' dir='ltr'><em>codices</em></span> <span class='ocrx_word' id='word_1_337' title='bbox 1312 4108 1350 4170; x_wconf 91' lang='lat' dir='ltr'><em>in</em></span> 
     </span>
     <span class='ocr_line' id='line_1_44' title="bbox 225 4189 1349 4280; baseline -0.006 -22"><span class='ocrx_word' id='word_1_338' title='bbox 225 4194 432 4280; x_wconf 86' lang='lat' dir='ltr'><em>sequentibus</em></span> <span class='ocrx_word' id='word_1_339' title='bbox 446 4194 490 4258; x_wconf 88' lang='lat' dir='ltr'><em>iis</em></span> <span class='ocrx_word' id='word_1_340' title='bbox 506 4195 651 4258; x_wconf 90' lang='lat' dir='ltr'><em>numeris</em></span> <span class='ocrx_word' id='word_1_341' title='bbox 664 4195 864 4272; x_wconf 80' lang='lat' dir='ltr'><em>enumeravi,</em></span> <span class='ocrx_word' id='word_1_342' title='bbox 888 4192 1003 4278; x_wconf 90' lang='lat' dir='ltr'><em>quibus</em></span> <span class='ocrx_word' id='word_1_343' title='bbox 1024 4193 1061 4256; x_wconf 92' lang='lat' dir='ltr'><em>in</em></span> <span class='ocrx_word' id='word_1_344' title='bbox 1080 4189 1220 4255; x_wconf 89' lang='lat' dir='ltr'><em>editione</em></span> <span class='ocrx_word' id='word_1_345' title='bbox 1235 4198 1349 4254; x_wconf 88' lang='lat' dir='ltr'><em>nostra</em></span> 
     </span>
     <span class='ocr_line' id='line_1_45' title="bbox 225 4280 461 4366; baseline 0.004 -24"><span class='ocrx_word' id='word_1_346' title='bbox 225 4280 355 4366; x_wconf 89' lang='lat' dir='ltr'><em>siqnati</em></span> <span class='ocrx_word' id='word_1_347' title='bbox 376 4287 461 4343; x_wconf 90' lang='lat' dir='ltr'><em>sunt.</em></span> 
     </span>
    </p>
   </div>
   <div class='ocr_carea' id='block_1_7' title="bbox 0 0 1482 4944">
    <p class='ocr_par' dir='ltr' id='par_1_10' title="bbox 0 0 1482 4944">
     <span class='ocr_line' id='line_1_46' title="bbox 0 0 1482 4944; baseline 0 1"><span class='ocrx_word' id='word_1_348' title='bbox 0 0 1482 4944; x_wconf 95' lang='lat' dir='ltr'><em> </em></span> 
     </span>
    </p>
   </div>
  </div>
 </body>
</html>
