2956 4944
588 348 663 404 LEX
683 348 867 406 RlBUARlA.
1274 352 1309 406 65

631 541 654 595 n
673 539 775 596 corn.
793 523 833 597 A.

253 662 289 735 2.
325 660 431 748 Quod
466 659 497 734 si
525 659 655 760 regius
684 673 749 735 aut
776 661 1057 736 ecclesiasticus
1088 664 1203 738 homo
1235 665 1339 743 hoca·
1357 682 1407 731 22³

152 761 298 858 fecerit,
322 761 379 834 bis
404 762 693 860 quinquegenus
716 762 859 837 solidus
882 763 1081 861 culpabilis
1111 764 1308 839 iudicetur.

253 903 286 974 3.
319 898 502 973 Similiter
528 897 583 970 illi
609 910 707 992 tres,
734 899 798 997 qui
833 899 867 973 ei
896 899 1171 996 auxiliaverint7
1196 926 1310 978 unus·

154 1001 314 1101 quisque
327 998 500 1100 trigonus
515 999 660 1072 solidus
675 998 875 1098 culpabilis
892 1000 1089 1075 iudicetur.
1122 1002 1167 1075 Et
1182 1003 1309 1101 quanti

154 1127 269 1201 super
290 1102 360 1174 hos
383 1099 536 1195 fuerint,
557 1101 814 1199 unusquisque
833 1112 967 1175 octavo
988 1102 1199 1177 simisolido
1217 1105 1311 1178 mul·

153 1215 263 1278 tetur.

257 1343 291 1412 4.
319 1338 426 1425 Quod
446 1335 478 1410 si
495 1360 627 1410 servos
641 1336 714 1409 hoc
731 1336 877 1432 fecerit,
897 1337 1041 1412 devita
1065 1352 1309 1437 conponatur.

669 1508 803 1583 XXXV.

261 1636 291 1702 1.
320 1627 360 1702 Si
389 1627 472 1726 quis
501 1652 655 1702 uxorem
684 1628 846 1703 alienam
874 1630 1019 1704 tullerit
1036 1630 1123 1704 vivo
1152 1632 1311 1730 marido,

158 1734 327 1805 ducenos
345 1729 491 1804 solidus
511 1728 703 1803 multetur.

257 1871 291 1944 2.
328 1867 367 1943 si
413 1867 496 1965 quis
536 1891 620 1939 cum
667 1865 870 1964 ingenuam
908 1869 1076 1966 puellam
1116 1882 1312 1946 moecatus

157 1968 283 2064 luerit,
303 1971 352 2043 50
370 1968 514 2043 solidos
535 1965 733 2065 culpabilis
753 1965 950 2043 iudicetur.

260 2110 293 2181 3.
321 2106 360 2180 Si
385 2104 468 2202 quis
497 2105 700 2204 ingenuam
729 2104 893 2202 puellam
917 2107 977 2179 vel
1004 2106 1221 2203 mulierem,
1250 2108 1313 2206 qui

159 2208 196 2279 in
216 2208 331 2281 verbo
359 2207 461 2303 regis
487 2204 547 2277 vel
571 2203 827 2278 ecclesiastica
850 2217 921 2296 est
940 2207 1113 2305 accipere
1127 2207 1188 2280 vel
1206 2210 1315 2281 sedu-

160 2331 246 2382 cere
271 2331 339 2381 seu
365 2315 564 2402 parentum
591 2303 823 2378 voluntatem
848 2305 894 2379 de
913 2309 1171 2381 mundeburde
1190 2311 1345 2383 obsto-r·
1362 2319 1415 2369 2²⁹·

158 2408 257 2504 lerit‚
276 2407 333 2481 bis
354 2409 402 2480 30
421 2404 564 2480 solidos
584 2404 784 2502 culpabilis
804 2405 1000 2481 iudicetur.

633 2661 778 2717 acono.
802 2645 844 2717 B.

266 2784 296 2843 2.
329 2780 420 2854 Quod
456 2779 482 2840 si
515 2779 619 2862 regius
654 2787 708 2840 aut
726 2778 954 2842 ecclesiasticos
982 2779 1079 2841 homo
1108 2779 1169 2841 hoc
1196 2779 1416 2856 ferentum

164 2866 224 2930 100
247 2863 356 2924 solidis
380 2863 541 2944 culpabilis
563 2862 726 2924 iudicetur·

268 2986 298 3048 3.
321 2983 467 3043 Similiter
481 2982 523 3043 illi
540 2988 615 3054 tres,
634 2982 686 3063 qui
702 2983 729 3043 ei
741 2982 887 3043 auxilium
911 2981 1122 3062 praebuerint,
1144 2982 1318 3064 uuusquis-

160 3086 223 3150 que
241 3070 282 3133 30
297 3066 407 3128 solidis
428 3065 589 3147 culpabilis
609 3064 773 3128 iudicetur.
810 3065 847 3127 Et
868 3065 976 3146 quanti
996 3085 1091 3147 super
1111 3065 1171 3129 hos
1193 3066 1318 3143 luerint,

162 3150 375 3234 uuusquisque
397 3148 513 3224 octavo'
534 3149 717 3213 semisolido
741 3149 897 3212 multetur.

268 3277 297 3338 4.
320 3271 411 3346 Quod
435 3271 460 3333 si
483 3291 592 3333 servus
615 3270 676 3333 hoc
698 3271 819 3343 lecerit,
842 3271 882 3332 de
905 3270 967 3332 vita
991 3276 1160 3351 conponat.

654 3425 814 3490 XXXVll.

370 3531 418 3591 De
443 3549 488 3590 eo
511 3529 576 3610 qui
599 3548 760 3591 uxorem
785 3529 950 3592 alienam
974 3528 1118 3591 tulerit.

216 3717 239 3778 lt
260 3635 299 3777 tl.
322 3631 353 3692 Si
376 3631 444 3714 quis
460 3650 592 3693 uxorem
610 3632 744 3693 alienam
762 3631 866 3693 tulerit
890 3631 959 3692 vivo
983 3631 1107 3703 marito,
1130 3631 1192 3696 200
1207 3628 1318 3692 solidis

163 3737 216 3779 mu
241 3734 320 3778 eor.

270 3840 299 3902 2.
323 3835 354 3898 si
376 3834 445 3916 quis
468 3852 536 3896 cum
559 3834 691 3917 ingenua
711 3833 813 3915 puella
830 3832 1014 3896 moechatus
1029 3832 1133 3908 luerit,
1155 3834 1197 3900 50
1211 3831 1320 3896 solidis

163 3920 327 4003 culpabilis
348 3918 513 3981 iudicetur.

270 4043 300 4108 3.
324 4040 355 4103 si
379 4039 447 4121 quis
468 4039 636 4120 iugenuam
660 4037 795 4119 puellam
815 4037 865 4099 vel
881 4038 1053 4117 mulierem,
1075 4056 1156 4119 quae
1175 4037 1206 4099 iu
1223 4039 1320 4099 verbo

164 4125 249 4206 regis
272 4124 320 4186 vel
343 4122 555 4186 ecclesiastica
577 4121 648 4195 ‘est
670 4121 813 4202 accipere
835 4121 885 4219 l⁰¹
907 4122 1057 4184 seducere
1076 4140 1132 4220 seu
1154 4129 1320 4218 parentiam
1333 4130 1372 4189 *μ
1388 4127 1441 4179 aas.

166 4208 330 4356 ppgppgpulp
366 4210 406 4271 de
447 4206 662 4271 mundeburde
700 4204 883 4278 abstulerit,
926 4208 968 4273 60
1008 4205 1117 4268 solidas
1158 4203 1321 4286 culpabilis

1074 4407 1090 4455 ὁ
