<?xml version="1.0" encoding="UTF-8"?>
<!DOCTYPE html PUBLIC "-//W3C//DTD XHTML 1.0 Transitional//EN"
    "http://www.w3.org/TR/xhtml1/DTD/xhtml1-transitional.dtd">
<html xmlns="http://www.w3.org/1999/xhtml" xml:lang="en" lang="en">
 <head>
  <title>
</title>
<meta http-equiv="Content-Type" content="text/html;charset=utf-8" />
  <meta name='ocr-system' content='tesseract 3.04.00' />
  <meta name='ocr-capabilities' content='ocr_page ocr_carea ocr_par ocr_line ocrx_word'/>
</head>
<body>
  <div class='ocr_page' id='page_1' title='image "./fontesiurisgerm02unkngoog_0065.png"; bbox 0 0 2956 4944; ppageno 0'>
   <div class='ocr_carea' id='block_1_1' title="bbox 604 328 887 387">
    <p class='ocr_par' dir='ltr' id='par_1_1' title="bbox 604 328 887 387">
     <span class='ocr_line' id='line_1_1' title="bbox 604 328 887 387; baseline 0.004 -2"><span class='ocrx_word' id='word_1_1' title='bbox 604 329 682 386; x_wconf 88' lang='lat' dir='ltr'>LEX</span> <span class='ocrx_word' id='word_1_2' title='bbox 700 328 887 387; x_wconf 70' lang='lat' dir='ltr'>ultionum.</span> 
     </span>
    </p>
   </div>
   <div class='ocr_carea' id='block_1_2' title="bbox 649 506 852 580">
    <p class='ocr_par' dir='ltr' id='par_1_2' title="bbox 649 506 852 580">
     <span class='ocr_line' id='line_1_2' title="bbox 649 506 852 580; baseline -0.005 0"><span class='ocrx_word' id='word_1_3' title='bbox 649 524 672 580; x_wconf 82' lang='lat' dir='ltr'>n</span> <span class='ocrx_word' id='word_1_4' title='bbox 690 524 793 580; x_wconf 88' lang='lat' dir='ltr'>cono.</span> <span class='ocrx_word' id='word_1_5' title='bbox 811 506 852 579; x_wconf 85' lang='grc' dir='ltr'>Α.</span> 
     </span>
    </p>
   </div>
   <div class='ocr_carea' id='block_1_3' title="bbox 167 644 1333 844">
    <p class='ocr_par' dir='ltr' id='par_1_3' title="bbox 167 644 1333 844">
     <span class='ocr_line' id='line_1_3' title="bbox 167 644 1333 744; baseline 0.004 -27"><span class='ocrx_word' id='word_1_6' title='bbox 167 644 263 718; x_wconf 85' lang='lat' dir='ltr'>infra</span> <span class='ocrx_word' id='word_1_7' title='bbox 292 645 429 719; x_wconf 80' lang='lat' dir='ltr'>ducato</span> <span class='ocrx_word' id='word_1_8' title='bbox 459 646 550 744; x_wconf 82' lang='lat' dir='ltr'>fuga</span> <span class='ocrx_word' id='word_1_9' title='bbox 577 645 705 743; x_wconf 89' lang='lat' dir='ltr'>lapsus</span> <span class='ocrx_word' id='word_1_10' title='bbox 733 644 868 742; x_wconf 71' lang='lat' dir='ltr'>fuerit7</span> <span class='ocrx_word' id='word_1_11' title='bbox 901 670 1016 744; x_wconf 85' lang='lat' dir='ltr'>supra</span> <span class='ocrx_word' id='word_1_12' title='bbox 1047 649 1093 719; x_wconf 91' lang='grc'>14</span> <span class='ocrx_word' id='word_1_13' title='bbox 1115 646 1239 722; x_wconf 90' lang='lat' dir='ltr'>noctis</span> <span class='ocrx_word' id='word_1_14' title='bbox 1266 659 1333 723; x_wconf 86' lang='lat' dir='ltr'>aut</span> 
     </span>
     <span class='ocr_line' id='line_1_4' title="bbox 167 746 1228 844; baseline 0.004 -26"><span class='ocrx_word' id='word_1_15' title='bbox 167 746 289 844; x_wconf 91' lang='lat' dir='ltr'>ipsum</span> <span class='ocrx_word' id='word_1_16' title='bbox 308 747 575 844; x_wconf 61' lang='lat' dir='ltr'>repraesentit,</span> <span class='ocrx_word' id='word_1_17' title='bbox 594 756 659 820; x_wconf 89' lang='lat' dir='ltr'>aut</span> <span class='ocrx_word' id='word_1_18' title='bbox 677 771 745 843; x_wconf 88' lang='lat' dir='ltr'>pro</span> <span class='ocrx_word' id='word_1_19' title='bbox 766 770 852 820; x_wconf 91' lang='lat' dir='ltr'>eum</span> <span class='ocrx_word' id='word_1_20' title='bbox 872 746 989 819; x_wconf 79' lang='lat' dir='ltr'>faciat</span> <span class='ocrx_word' id='word_1_21' title='bbox 1007 747 1228 822; x_wconf 85' lang='lat' dir='ltr'>rationem*.</span> 
     </span>
    </p>
   </div>
   <div class='ocr_carea' id='block_1_4' title="bbox 276 863 1331 1186">
    <p class='ocr_par' dir='ltr' id='par_1_4' title="bbox 276 863 1331 1186">
     <span class='ocr_line' id='line_1_5' title="bbox 276 863 640 936; baseline 0.003 -19"><span class='ocrx_word' id='word_1_22' title='bbox 276 864 301 936; x_wconf 69' lang='lat' dir='ltr'>*I</span> <span class='ocrx_word' id='word_1_23' title='bbox 323 863 416 919; x_wconf 73' lang='lat' dir='ltr'>Cedere</span> <span class='ocrx_word' id='word_1_24' title='bbox 435 865 452 916; x_wconf 88' lang='lat'><strong>4</strong></span> <span class='ocrx_word' id='word_1_25' title='bbox 471 866 512 920; x_wconf 79' lang='lat' dir='ltr'>dte</span> <span class='ocrx_word' id='word_1_26' title='bbox 531 867 640 919; x_wconf 70' lang='lat' dir='ltr'>tatem:</span> 
     </span>
     <span class='ocr_line' id='line_1_6' title="bbox 319 936 1331 1020; baseline 0.005 -24"><span class='ocrx_word' id='word_1_27' title='bbox 319 936 463 999; x_wconf 89' lang='lat' dir='ltr'><strong>XXXIV.</strong></span> <span class='ocrx_word' id='word_1_28' title='bbox 501 937 532 998; x_wconf 88' lang='lat' dir='ltr'>si</span> <span class='ocrx_word' id='word_1_29' title='bbox 562 944 665 999; x_wconf 85' lang='lat' dir='ltr'>autem</span> <span class='ocrx_word' id='word_1_30' title='bbox 701 943 789 998; x_wconf 83' lang='lat' dir='ltr'>extra</span> <span class='ocrx_word' id='word_1_31' title='bbox 826 937 939 999; x_wconf 80' lang='lat' dir='ltr'>ducato</span> <span class='ocrx_word' id='word_1_32' title='bbox 975 937 1050 1020; x_wconf 81' lang='lat' dir='ltr'>Iuga</span> <span class='ocrx_word' id='word_1_33' title='bbox 1084 937 1191 1018; x_wconf 88' lang='lat' dir='ltr'>lapsus</span> <span class='ocrx_word' id='word_1_34' title='bbox 1224 940 1331 1014; x_wconf 79' lang='lat' dir='ltr'>fuerit,</span> 
     </span>
     <span class='ocr_line' id='line_1_7' title="bbox 318 1018 1331 1101; baseline 0.005 -20"><span class='ocrx_word' id='word_1_35' title='bbox 318 1039 412 1101; x_wconf 86' lang='lat' dir='ltr'>super</span> <span class='ocrx_word' id='word_1_36' title='bbox 435 1018 643 1100; x_wconf 84' lang='lat' dir='ltr'>quadraginta</span> <span class='ocrx_word' id='word_1_37' title='bbox 658 1027 767 1083; x_wconf 92' lang='lat' dir='ltr'>noctes</span> <span class='ocrx_word' id='word_1_38' title='bbox 789 1040 858 1082; x_wconf 91' lang='lat' dir='ltr'>eum</span> <span class='ocrx_word' id='word_1_39' title='bbox 874 1030 1097 1101; x_wconf 76' lang='lat' dir='ltr'>representare</span> <span class='ocrx_word' id='word_1_40' title='bbox 1115 1022 1252 1097; x_wconf 82' lang='lat' dir='ltr'>studeat,</span> <span class='ocrx_word' id='word_1_41' title='bbox 1275 1033 1331 1086; x_wconf 87' lang='lat' dir='ltr'>aut</span> 
     </span>
     <span class='ocr_line' id='line_1_8' title="bbox 314 1100 1228 1186; baseline 0.005 -22"><span class='ocrx_word' id='word_1_42' title='bbox 314 1103 383 1184; x_wconf 89' lang='lat' dir='ltr'>ipse</span> <span class='ocrx_word' id='word_1_43' title='bbox 405 1104 596 1186; x_wconf 85' lang='lat' dir='ltr'>respondeat</span> <span class='ocrx_word' id='word_1_44' title='bbox 618 1123 676 1184; x_wconf 87' lang='lat' dir='ltr'>pro</span> <span class='ocrx_word' id='word_1_45' title='bbox 699 1123 747 1167; x_wconf 86' lang='lat' dir='ltr'>eo.</span> <span class='ocrx_word' id='word_1_46' title='bbox 1221 1100 1228 1113; x_wconf 83' lang='grc'><em>’</em></span> 
     </span>
    </p>
   </div>
   <div class='ocr_carea' id='block_1_5' title="bbox 69 1226 1329 1938">
    <p class='ocr_par' dir='ltr' id='par_1_5' title="bbox 69 1226 1329 1938">
     <span class='ocr_line' id='line_1_9' title="bbox 69 1226 1329 1330; baseline 0.008 -34"><span class='ocrx_word' id='word_1_47' title='bbox 69 1256 90 1296; x_wconf 74' lang='lat' dir='ltr'>r.</span> <span class='ocrx_word' id='word_1_48' title='bbox 105 1240 155 1290; x_wconf 79' lang='lat' dir='ltr'>aaa.</span> <span class='ocrx_word' id='word_1_49' title='bbox 269 1227 375 1316; x_wconf 84' lang='lat' dir='ltr'>Quod</span> <span class='ocrx_word' id='word_1_50' title='bbox 392 1226 422 1300; x_wconf 88' lang='lat' dir='ltr'>si</span> <span class='ocrx_word' id='word_1_51' title='bbox 439 1237 639 1326; x_wconf 81' lang='lat' dir='ltr'>postquam</span> <span class='ocrx_word' id='word_1_52' title='bbox 662 1252 747 1301; x_wconf 90' lang='lat' dir='ltr'>eum</span> <span class='ocrx_word' id='word_1_53' title='bbox 769 1229 814 1300; x_wconf 89' lang='lat' dir='ltr'>ad</span> <span class='ocrx_word' id='word_1_54' title='bbox 831 1226 987 1327; x_wconf 83' lang='lat' dir='ltr'>igneum</span> <span class='ocrx_word' id='word_1_55' title='bbox 1006 1228 1211 1327; x_wconf 70' lang='lat' dir='ltr'>placuerit,</span> <span class='ocrx_word' id='word_1_56' title='bbox 1234 1231 1329 1330; x_wconf 79' lang='lat' dir='ltr'>fuga</span> 
     </span>
     <span class='ocr_line' id='line_1_10' title="bbox 166 1327 1328 1426; baseline 0.006 -26"><span class='ocrx_word' id='word_1_57' title='bbox 166 1327 295 1424; x_wconf 89' lang='lat' dir='ltr'>lapsus</span> <span class='ocrx_word' id='word_1_58' title='bbox 324 1328 447 1424; x_wconf 74' lang='lat' dir='ltr'>fuerit⁷</span> <span class='ocrx_word' id='word_1_59' title='bbox 475 1331 521 1401; x_wconf 93' lang='lat' dir='ltr'>ad</span> <span class='ocrx_word' id='word_1_60' title='bbox 542 1327 722 1426; x_wconf 90' lang='lat' dir='ltr'>placitum</span> <span class='ocrx_word' id='word_1_61' title='bbox 743 1328 900 1404; x_wconf 91' lang='lat' dir='ltr'>veniens</span> <span class='ocrx_word' id='word_1_62' title='bbox 920 1354 1004 1403; x_wconf 92' lang='lat' dir='ltr'>cum</span> <span class='ocrx_word' id='word_1_63' title='bbox 1020 1330 1140 1405; x_wconf 86' lang='lat' dir='ltr'>tribus</span> <span class='ocrx_word' id='word_1_64' title='bbox 1165 1332 1328 1407; x_wconf 89' lang='lat' dir='ltr'>testibus</span> 
     </span>
     <span class='ocr_line' id='line_1_11' title="bbox 167 1429 1327 1532; baseline 0.004 -31"><span class='ocrx_word' id='word_1_65' title='bbox 167 1429 203 1501; x_wconf 95' lang='lat' dir='ltr'>in</span> <span class='ocrx_word' id='word_1_66' title='bbox 228 1429 371 1503; x_wconf 88' lang='lat' dir='ltr'>haraho</span> <span class='ocrx_word' id='word_1_67' title='bbox 395 1430 571 1527; x_wconf 76' lang='lat' dir='ltr'>coniurit,</span> <span class='ocrx_word' id='word_1_68' title='bbox 600 1433 698 1528; x_wconf 90' lang='lat' dir='ltr'>quod</span> <span class='ocrx_word' id='word_1_69' title='bbox 724 1454 856 1506; x_wconf 86' lang='lat' dir='ltr'>servus</span> <span class='ocrx_word' id='word_1_70' title='bbox 872 1431 941 1525; x_wconf 74' lang='lat' dir='ltr'>illi,</span> <span class='ocrx_word' id='word_1_71' title='bbox 965 1457 1078 1529; x_wconf 91' lang='lat' dir='ltr'>quem</span> <span class='ocrx_word' id='word_1_72' title='bbox 1101 1434 1147 1506; x_wconf 92' lang='lat' dir='ltr'>ad</span> <span class='ocrx_word' id='word_1_73' title='bbox 1169 1433 1327 1532; x_wconf 83' lang='lat' dir='ltr'>igneum</span> 
     </span>
     <span class='ocr_line' id='line_1_12' title="bbox 165 1532 1328 1634; baseline 0.003 -30"><span class='ocrx_word' id='word_1_74' title='bbox 165 1542 454 1629; x_wconf 86' lang='lat' dir='ltr'>repraesentare</span> <span class='ocrx_word' id='word_1_75' title='bbox 473 1533 672 1626; x_wconf 61' lang='lat' dir='ltr'>debuerat3</span> <span class='ocrx_word' id='word_1_76' title='bbox 699 1544 805 1606; x_wconf 82' lang='lat' dir='ltr'>extra</span> <span class='ocrx_word' id='word_1_77' title='bbox 824 1532 906 1606; x_wconf 89' lang='lat' dir='ltr'>eius</span> <span class='ocrx_word' id='word_1_78' title='bbox 925 1533 1120 1607; x_wconf 86' lang='lat' dir='ltr'>voluntate</span> <span class='ocrx_word' id='word_1_79' title='bbox 1139 1536 1230 1633; x_wconf 83' lang='lat' dir='ltr'>fuga</span> <span class='ocrx_word' id='word_1_80' title='bbox 1247 1535 1328 1634; x_wconf 92' lang='lat' dir='ltr'>Iap-</span> 
     </span>
     <span class='ocr_line' id='line_1_13' title="bbox 165 1632 1328 1734; baseline 0.005 -29"><span class='ocrx_word' id='word_1_81' title='bbox 165 1655 228 1705; x_wconf 92' lang='lat' dir='ltr'>sus</span> <span class='ocrx_word' id='word_1_82' title='bbox 253 1632 323 1727; x_wconf 75' lang='lat' dir='ltr'>sit,</span> <span class='ocrx_word' id='word_1_83' title='bbox 353 1643 391 1706; x_wconf 87' lang='lat' dir='ltr'>et</span> <span class='ocrx_word' id='word_1_84' title='bbox 417 1633 472 1706; x_wconf 89' lang='lat' dir='ltr'>sic</span> <span class='ocrx_word' id='word_1_85' title='bbox 499 1635 622 1706; x_wconf 91' lang='lat' dir='ltr'>denuo</span> <span class='ocrx_word' id='word_1_86' title='bbox 642 1633 807 1729; x_wconf 90' lang='lat' dir='ltr'>placitus</span> <span class='ocrx_word' id='word_1_87' title='bbox 827 1633 861 1706; x_wconf 90' lang='lat' dir='ltr'>ei</span> <span class='ocrx_word' id='word_1_88' title='bbox 882 1633 1118 1729; x_wconf 71' lang='lat' dir='ltr'>concidatur,</span> <span class='ocrx_word' id='word_1_89' title='bbox 1147 1646 1188 1709; x_wconf 94' lang='lat' dir='ltr'>ut</span> <span class='ocrx_word' id='word_1_90' title='bbox 1213 1661 1328 1734; x_wconf 87' lang='lat' dir='ltr'>super</span> 
     </span>
     <span class='ocr_line' id='line_1_14' title="bbox 169 1735 1327 1835; baseline 0.003 -27"><span class='ocrx_word' id='word_1_91' title='bbox 169 1737 213 1808; x_wconf 90' lang='grc'>14</span> <span class='ocrx_word' id='word_1_92' title='bbox 240 1744 372 1807; x_wconf 88' lang='lat' dir='ltr'>noctes</span> <span class='ocrx_word' id='word_1_93' title='bbox 398 1757 464 1807; x_wconf 91' lang='lat' dir='ltr'>seu</span> <span class='ocrx_word' id='word_1_94' title='bbox 494 1758 610 1831; x_wconf 87' lang='lat' dir='ltr'>super</span> <span class='ocrx_word' id='word_1_95' title='bbox 628 1739 677 1810; x_wconf 89' lang='grc'>40</span> <span class='ocrx_word' id='word_1_96' title='bbox 692 1735 814 1808; x_wconf 90' lang='lat' dir='ltr'>noctis</span> <span class='ocrx_word' id='word_1_97' title='bbox 835 1758 922 1808; x_wconf 91' lang='lat' dir='ltr'>eum</span> <span class='ocrx_word' id='word_1_98' title='bbox 941 1748 1229 1835; x_wconf 83' lang='lat' dir='ltr'>repraesentare</span> <span class='ocrx_word' id='word_1_99' title='bbox 1248 1749 1327 1811; x_wconf 88' lang='lat' dir='ltr'>stu·</span> 
     </span>
     <span class='ocr_line' id='line_1_15' title="bbox 166 1832 876 1938; baseline 0.006 -34"><span class='ocrx_word' id='word_1_100' title='bbox 166 1834 273 1930; x_wconf 75' lang='lat' dir='ltr'>deat3</span> <span class='ocrx_word' id='word_1_101' title='bbox 293 1845 359 1906; x_wconf 89' lang='lat' dir='ltr'>aut</span> <span class='ocrx_word' id='word_1_102' title='bbox 377 1832 458 1931; x_wconf 86' lang='lat' dir='ltr'>ipse</span> <span class='ocrx_word' id='word_1_103' title='bbox 479 1833 515 1906; x_wconf 91' lang='lat' dir='ltr'>in</span> <span class='ocrx_word' id='word_1_104' title='bbox 528 1838 876 1938; x_wconf 23' lang='lat' dir='ltr'>&#39;rernnrespondeat</span> 
     </span>
    </p>
   </div>
   <div class='ocr_carea' id='block_1_6' title="bbox 685 2009 806 2084">
    <p class='ocr_par' dir='ltr' id='par_1_6' title="bbox 685 2009 806 2084">
     <span class='ocr_line' id='line_1_16' title="bbox 685 2009 806 2084; baseline -0.008 -1"><span class='ocrx_word' id='word_1_105' title='bbox 685 2009 806 2084; x_wconf 93' lang='lat' dir='ltr'><strong>XXXI.</strong></span> 
     </span>
    </p>
   </div>
   <div class='ocr_carea' id='block_1_7' title="bbox 162 2127 1327 2721">
    <p class='ocr_par' dir='ltr' id='par_1_7' title="bbox 162 2127 1327 2629">
     <span class='ocr_line' id='line_1_17' title="bbox 268 2127 1324 2230; baseline 0.004 -28"><span class='ocrx_word' id='word_1_106' title='bbox 268 2134 298 2202; x_wconf 90' lang='lat' dir='ltr'>I.</span> <span class='ocrx_word' id='word_1_107' title='bbox 342 2127 510 2217; x_wconf 84' lang='lat' dir='ltr'>Quodsi</span> <span class='ocrx_word' id='word_1_108' title='bbox 540 2129 655 2203; x_wconf 92' lang='lat' dir='ltr'>homo</span> <span class='ocrx_word' id='word_1_109' title='bbox 692 2128 779 2205; x_wconf 90' lang='lat' dir='ltr'>aut*</span> <span class='ocrx_word' id='word_1_110' title='bbox 808 2130 994 2229; x_wconf 84' lang='lat' dir='ltr'>ingenuos</span> <span class='ocrx_word' id='word_1_111' title='bbox 1031 2130 1068 2202; x_wconf 91' lang='lat' dir='ltr'>in</span> <span class='ocrx_word' id='word_1_112' title='bbox 1097 2131 1324 2230; x_wconf 88' lang='lat' dir='ltr'>obsequium</span> 
     </span>
     <span class='ocr_line' id='line_1_18' title="bbox 162 2228 1324 2331; baseline 0.004 -29"><span class='ocrx_word' id='word_1_113' title='bbox 162 2228 318 2304; x_wconf 88' lang='lat' dir='ltr'>alterius</span> <span class='ocrx_word' id='word_1_114' title='bbox 343 2228 557 2329; x_wconf 88' lang='lat' dir='ltr'>inculpatus</span> <span class='ocrx_word' id='word_1_115' title='bbox 580 2231 709 2327; x_wconf 61' lang='lat' dir='ltr'>fuerit7</span> <span class='ocrx_word' id='word_1_116' title='bbox 735 2232 816 2329; x_wconf 90' lang='lat' dir='ltr'>ipse</span> <span class='ocrx_word' id='word_1_117' title='bbox 842 2233 904 2330; x_wconf 92' lang='lat' dir='ltr'>qui</span> <span class='ocrx_word' id='word_1_118' title='bbox 928 2256 1014 2304; x_wconf 88' lang='lat' dir='ltr'>eum</span> <span class='ocrx_word' id='word_1_119' title='bbox 1030 2242 1118 2331; x_wconf 88' lang='lat' dir='ltr'>post</span> <span class='ocrx_word' id='word_1_120' title='bbox 1130 2257 1172 2307; x_wconf 92' lang='lat' dir='ltr'>se</span> <span class='ocrx_word' id='word_1_121' title='bbox 1187 2235 1324 2307; x_wconf 89' lang='lat' dir='ltr'>eodem</span> 
     </span>
     <span class='ocr_line' id='line_1_19' title="bbox 162 2331 1327 2432; baseline 0.005 -28"><span class='ocrx_word' id='word_1_122' title='bbox 162 2340 335 2429; x_wconf 85' lang='lat' dir='ltr'>tempore</span> <span class='ocrx_word' id='word_1_123' title='bbox 362 2331 539 2426; x_wconf 71' lang='lat' dir='ltr'>retenuit,</span> <span class='ocrx_word' id='word_1_124' title='bbox 564 2331 832 2432; x_wconf 89' lang='lat' dir='ltr'>inpraesentia</span> <span class='ocrx_word' id='word_1_125' title='bbox 854 2332 988 2406; x_wconf 89' lang='lat' dir='ltr'>iudicis</span> <span class='ocrx_word' id='word_1_126' title='bbox 1017 2333 1203 2431; x_wconf 77' lang='lat' dir='ltr'>similiter,</span> <span class='ocrx_word' id='word_1_127' title='bbox 1224 2335 1327 2410; x_wconf 88' lang='lat' dir='ltr'>sicut</span> 
     </span>
     <span class='ocr_line' id='line_1_20' title="bbox 162 2432 1325 2533; baseline 0.003 -27"><span class='ocrx_word' id='word_1_128' title='bbox 162 2432 338 2529; x_wconf 81' lang='lat' dir='ltr'>superius</span> <span class='ocrx_word' id='word_1_129' title='bbox 359 2433 662 2529; x_wconf 89' lang='lat' dir='ltr'>conprehensum</span> <span class='ocrx_word' id='word_1_130' title='bbox 684 2446 753 2528; x_wconf 72' lang='lat' dir='ltr'>est,</span> <span class='ocrx_word' id='word_1_131' title='bbox 773 2446 1060 2530; x_wconf 86' lang='lat' dir='ltr'>repraesentare</span> <span class='ocrx_word' id='word_1_132' title='bbox 1079 2435 1240 2533; x_wconf 65' lang='lat' dir='ltr'>studiat⁷</span> <span class='ocrx_word' id='word_1_133' title='bbox 1259 2449 1325 2511; x_wconf 90' lang='lat' dir='ltr'>aut</span> 
     </span>
     <span class='ocr_line' id='line_1_21' title="bbox 162 2531 557 2629; baseline -0.003 -25"><span class='ocrx_word' id='word_1_134' title='bbox 162 2531 200 2605; x_wconf 87' lang='lat' dir='ltr'>in</span> <span class='ocrx_word' id='word_1_135' title='bbox 219 2555 299 2605; x_wconf 86' lang='lat' dir='ltr'>rem</span> <span class='ocrx_word' id='word_1_136' title='bbox 318 2533 557 2629; x_wconf 82' lang='lat' dir='ltr'>respondere.</span> 
     </span>
    </p>

    <p class='ocr_par' dir='ltr' id='par_1_8' title="bbox 273 2649 585 2721">
     <span class='ocr_line' id='line_1_22' title="bbox 273 2649 585 2721; baseline 0.006 -18"><span class='ocrx_word' id='word_1_137' title='bbox 273 2649 299 2721; x_wconf 87' lang='lat'>*)</span> <span class='ocrx_word' id='word_1_138' title='bbox 320 2649 375 2718; x_wconf 85' lang='lat' dir='ltr'>Cfr.</span> <span class='ocrx_word' id='word_1_139' title='bbox 396 2654 434 2705; x_wconf 78' lang='lat' dir='ltr'>at.</span> <span class='ocrx_word' id='word_1_140' title='bbox 457 2649 499 2721; x_wconf 85' lang='lat'>14,</span> <span class='ocrx_word' id='word_1_141' title='bbox 521 2667 543 2705; x_wconf 94' lang='lat' dir='ltr'>c.</span> <span class='ocrx_word' id='word_1_142' title='bbox 560 2651 585 2705; x_wconf 84' lang='lat'>2.</span> 
     </span>
    </p>
   </div>
   <div class='ocr_carea' id='block_1_8' title="bbox 632 2845 839 2918">
    <p class='ocr_par' dir='ltr' id='par_1_9' title="bbox 632 2845 839 2918">
     <span class='ocr_line' id='line_1_23' title="bbox 632 2845 839 2918; baseline 0.01 -2"><span class='ocrx_word' id='word_1_143' title='bbox 632 2860 656 2916; x_wconf 87' lang='lat' dir='ltr'>n</span> <span class='ocrx_word' id='word_1_144' title='bbox 675 2859 776 2917; x_wconf 87' lang='lat' dir='ltr'>cono.</span> <span class='ocrx_word' id='word_1_145' title='bbox 796 2845 839 2918; x_wconf 89' lang='grc' dir='ltr'>Β.</span> 
     </span>
    </p>
   </div>
   <div class='ocr_carea' id='block_1_9' title="bbox 159 2979 1321 3148">
    <p class='ocr_par' dir='ltr' id='par_1_10' title="bbox 159 2979 1321 3148">
     <span class='ocr_line' id='line_1_24' title="bbox 159 2979 1321 3066; baseline 0.005 -26"><span class='ocrx_word' id='word_1_146' title='bbox 159 2979 241 3040; x_wconf 80' lang='lat' dir='ltr'>iutra</span> <span class='ocrx_word' id='word_1_147' title='bbox 270 2981 416 3041; x_wconf 90' lang='lat' dir='ltr'>ducatum</span> <span class='ocrx_word' id='word_1_148' title='bbox 441 2980 514 3062; x_wconf 80' lang='lat' dir='ltr'>suga</span> <span class='ocrx_word' id='word_1_149' title='bbox 545 2979 651 3061; x_wconf 89' lang='lat' dir='ltr'>lapsus</span> <span class='ocrx_word' id='word_1_150' title='bbox 679 2980 789 3054; x_wconf 80' lang='lat' dir='ltr'>suerit,</span> <span class='ocrx_word' id='word_1_151' title='bbox 822 3003 919 3064; x_wconf 88' lang='lat' dir='ltr'>snpra</span> <span class='ocrx_word' id='word_1_152' title='bbox 946 2985 1184 3066; x_wconf 88' lang='lat' dir='ltr'>quatuordecim</span> <span class='ocrx_word' id='word_1_153' title='bbox 1212 2991 1321 3046; x_wconf 88' lang='lat' dir='ltr'>noctes</span> 
     </span>
     <span class='ocr_line' id='line_1_25' title="bbox 161 3064 1116 3148; baseline 0.005 -22"><span class='ocrx_word' id='word_1_154' title='bbox 161 3072 215 3126; x_wconf 85' lang='lat' dir='ltr'>aut</span> <span class='ocrx_word' id='word_1_155' title='bbox 236 3064 338 3145; x_wconf 92' lang='lat' dir='ltr'>ipsum</span> <span class='ocrx_word' id='word_1_156' title='bbox 362 3073 590 3145; x_wconf 85' lang='lat' dir='ltr'>repraesentet,</span> <span class='ocrx_word' id='word_1_157' title='bbox 614 3074 668 3127; x_wconf 91' lang='lat' dir='ltr'>aut</span> <span class='ocrx_word' id='word_1_158' title='bbox 690 3086 748 3148; x_wconf 90' lang='lat' dir='ltr'>pro</span> <span class='ocrx_word' id='word_1_159' title='bbox 771 3087 809 3130; x_wconf 89' lang='lat' dir='ltr'>eo</span> <span class='ocrx_word' id='word_1_160' title='bbox 832 3067 928 3132; x_wconf 79' lang='lat' dir='ltr'>faciat</span> <span class='ocrx_word' id='word_1_161' title='bbox 948 3069 1116 3132; x_wconf 86' lang='lat' dir='ltr'>rationem.</span> 
     </span>
    </p>
   </div>
   <div class='ocr_carea' id='block_1_10' title="bbox 60 3165 1321 3333">
    <p class='ocr_par' dir='ltr' id='par_1_11' title="bbox 60 3165 1321 3333">
     <span class='ocr_line' id='line_1_26' title="bbox 60 3165 1321 3254; baseline 0 -22"><span class='ocrx_word' id='word_1_162' title='bbox 60 3182 150 3241; x_wconf 67' lang='lat' dir='ltr'>paea.</span> <span class='ocrx_word' id='word_1_163' title='bbox 266 3169 295 3230; x_wconf 83' lang='lat'>2.</span> <span class='ocrx_word' id='word_1_164' title='bbox 329 3165 422 3239; x_wconf 88' lang='lat' dir='ltr'>Quod</span> <span class='ocrx_word' id='word_1_165' title='bbox 461 3167 488 3229; x_wconf 89' lang='lat' dir='ltr'>si</span> <span class='ocrx_word' id='word_1_166' title='bbox 519 3177 688 3250; x_wconf 87' lang='lat' dir='ltr'>postquam</span> <span class='ocrx_word' id='word_1_167' title='bbox 719 3190 790 3233; x_wconf 89' lang='lat' dir='ltr'>eum</span> <span class='ocrx_word' id='word_1_168' title='bbox 820 3171 861 3233; x_wconf 93' lang='lat' dir='ltr'>ad</span> <span class='ocrx_word' id='word_1_169' title='bbox 889 3171 993 3254; x_wconf 83' lang='lat' dir='ltr'>ignem</span> <span class='ocrx_word' id='word_1_170' title='bbox 1021 3171 1215 3253; x_wconf 85' lang='lat' dir='ltr'>applicuerit,</span> <span class='ocrx_word' id='word_1_171' title='bbox 1247 3171 1321 3253; x_wconf 82' lang='lat' dir='ltr'>fuga</span> 
     </span>
     <span class='ocr_line' id='line_1_27' title="bbox 159 3249 1321 3333; baseline 0.004 -22"><span class='ocrx_word' id='word_1_172' title='bbox 159 3251 266 3331; x_wconf 91' lang='lat' dir='ltr'>Iapsus</span> <span class='ocrx_word' id='word_1_173' title='bbox 287 3249 389 3323; x_wconf 89' lang='lat' dir='ltr'>fuerit,</span> <span class='ocrx_word' id='word_1_174' title='bbox 411 3251 451 3314; x_wconf 87' lang='lat' dir='ltr'>ad</span> <span class='ocrx_word' id='word_1_175' title='bbox 476 3251 623 3333; x_wconf 89' lang='lat' dir='ltr'>placitum</span> <span class='ocrx_word' id='word_1_176' title='bbox 644 3254 773 3317; x_wconf 87' lang='lat' dir='ltr'>veniens</span> <span class='ocrx_word' id='word_1_177' title='bbox 796 3275 864 3318; x_wconf 91' lang='lat' dir='ltr'>cum</span> <span class='ocrx_word' id='word_1_178' title='bbox 888 3255 986 3315; x_wconf 87' lang='lat' dir='ltr'>tribus</span> <span class='ocrx_word' id='word_1_179' title='bbox 1010 3254 1141 3316; x_wconf 86' lang='lat' dir='ltr'>testibus</span> <span class='ocrx_word' id='word_1_180' title='bbox 1164 3253 1195 3313; x_wconf 92' lang='lat' dir='ltr'>in</span> <span class='ocrx_word' id='word_1_181' title='bbox 1218 3254 1321 3316; x_wconf 79' lang='lat' dir='ltr'>archo</span> 
     </span>
    </p>
   </div>
   <div class='ocr_carea' id='block_1_11' title="bbox 159 3335 1320 3671">
    <p class='ocr_par' dir='ltr' id='par_1_12' title="bbox 159 3335 1320 3671">
     <span class='ocr_line' id='line_1_28' title="bbox 160 3335 1320 3420; baseline -0.001 -24"><span class='ocrx_word' id='word_1_182' title='bbox 160 3335 309 3406; x_wconf 88' lang='lat' dir='ltr'>coniuret,</span> <span class='ocrx_word' id='word_1_183' title='bbox 333 3337 416 3417; x_wconf 92' lang='lat' dir='ltr'>quod</span> <span class='ocrx_word' id='word_1_184' title='bbox 434 3355 543 3400; x_wconf 89' lang='lat' dir='ltr'>servus</span> <span class='ocrx_word' id='word_1_185' title='bbox 565 3337 628 3411; x_wconf 87' lang='lat' dir='ltr'>ille,</span> <span class='ocrx_word' id='word_1_186' title='bbox 672 3359 744 3402; x_wconf 93' lang='lat' dir='ltr'>uem</span> <span class='ocrx_word' id='word_1_187' title='bbox 767 3341 806 3402; x_wconf 90' lang='lat' dir='ltr'>ad</span> <span class='ocrx_word' id='word_1_188' title='bbox 831 3341 934 3420; x_wconf 80' lang='lat' dir='ltr'>Ignem</span> <span class='ocrx_word' id='word_1_189' title='bbox 953 3344 1194 3418; x_wconf 85' lang='lat' dir='ltr'>repraesentare</span> <span class='ocrx_word' id='word_1_190' title='bbox 1215 3338 1320 3396; x_wconf 87' lang='lat' dir='ltr'>debu-</span> 
     </span>
     <span class='ocr_line' id='line_1_29' title="bbox 159 3360 1317 3507; baseline -0.001 -27"><span class='ocrx_word' id='word_1_191' title='bbox 159 3428 239 3493; x_wconf 84' lang='lat' dir='ltr'>erat,</span> <span class='ocrx_word' id='word_1_192' title='bbox 262 3428 349 3481; x_wconf 83' lang='lat' dir='ltr'>extra</span> <span class='ocrx_word' id='word_1_193' title='bbox 367 3421 432 3483; x_wconf 92' lang='lat' dir='ltr'>eius</span> <span class='ocrx_word' id='word_1_194' title='bbox 449 3360 730 3507; x_wconf 78' lang='lat' dir='ltr'>voluntatequga</span> <span class='ocrx_word' id='word_1_195' title='bbox 746 3425 852 3505; x_wconf 88' lang='lat' dir='ltr'>Iapsus</span> <span class='ocrx_word' id='word_1_196' title='bbox 868 3423 917 3494; x_wconf 89' lang='lat' dir='ltr'>sit,</span> <span class='ocrx_word' id='word_1_197' title='bbox 940 3429 972 3482; x_wconf 89' lang='lat' dir='ltr'>et</span> <span class='ocrx_word' id='word_1_198' title='bbox 993 3422 1039 3483; x_wconf 88' lang='lat' dir='ltr'>sic</span> <span class='ocrx_word' id='word_1_199' title='bbox 1059 3422 1162 3481; x_wconf 92' lang='lat' dir='ltr'>denuo</span> <span class='ocrx_word' id='word_1_200' title='bbox 1185 3418 1317 3497; x_wconf 86' lang='lat' dir='ltr'>placitus</span> 
     </span>
     <span class='ocr_line' id='line_1_30' title="bbox 159 3504 1318 3589; baseline -0.003 -23"><span class='ocrx_word' id='word_1_201' title='bbox 159 3504 187 3566; x_wconf 91' lang='lat' dir='ltr'>ei</span> <span class='ocrx_word' id='word_1_202' title='bbox 211 3506 412 3577; x_wconf 85' lang='lat' dir='ltr'>concedatur,</span> <span class='ocrx_word' id='word_1_203' title='bbox 435 3515 468 3568; x_wconf 91' lang='lat' dir='ltr'>ut</span> <span class='ocrx_word' id='word_1_204' title='bbox 489 3526 584 3588; x_wconf 89' lang='lat' dir='ltr'>super</span> <span class='ocrx_word' id='word_1_205' title='bbox 607 3508 846 3589; x_wconf 84' lang='lat' dir='ltr'>quatuordecim</span> <span class='ocrx_word' id='word_1_206' title='bbox 870 3526 924 3568; x_wconf 91' lang='lat' dir='ltr'>seu</span> <span class='ocrx_word' id='word_1_207' title='bbox 947 3524 1044 3585; x_wconf 90' lang='lat' dir='ltr'>super</span> <span class='ocrx_word' id='word_1_208' title='bbox 1059 3506 1099 3568; x_wconf 88' lang='grc'>40</span> <span class='ocrx_word' id='word_1_209' title='bbox 1115 3511 1222 3564; x_wconf 90' lang='lat' dir='ltr'>noctes</span> <span class='ocrx_word' id='word_1_210' title='bbox 1246 3521 1318 3563; x_wconf 90' lang='lat' dir='ltr'>enm</span> 
     </span>
     <span class='ocr_line' id='line_1_31' title="bbox 159 3588 1074 3671; baseline 0 -21"><span class='ocrx_word' id='word_1_211' title='bbox 159 3600 404 3670; x_wconf 86' lang='lat' dir='ltr'>repraesentare</span> <span class='ocrx_word' id='word_1_212' title='bbox 426 3591 568 3665; x_wconf 82' lang='lat' dir='ltr'>studeat3</span> <span class='ocrx_word' id='word_1_213' title='bbox 593 3598 647 3654; x_wconf 87' lang='lat' dir='ltr'>aut</span> <span class='ocrx_word' id='word_1_214' title='bbox 668 3591 737 3671; x_wconf 92' lang='lat' dir='ltr'>ipse</span> <span class='ocrx_word' id='word_1_215' title='bbox 759 3591 790 3652; x_wconf 93' lang='lat' dir='ltr'>in</span> <span class='ocrx_word' id='word_1_216' title='bbox 813 3610 848 3650; x_wconf 88' lang='lat' dir='ltr'>re</span> <span class='ocrx_word' id='word_1_217' title='bbox 870 3588 1074 3670; x_wconf 89' lang='lat' dir='ltr'>respondeat.</span> 
     </span>
    </p>
   </div>
   <div class='ocr_carea' id='block_1_12' title="bbox 665 3746 812 3809">
    <p class='ocr_par' dir='ltr' id='par_1_13' title="bbox 665 3746 812 3809">
     <span class='ocr_line' id='line_1_32' title="bbox 665 3746 812 3809; baseline 0.007 -1"><span class='ocrx_word' id='word_1_218' title='bbox 665 3746 812 3809; x_wconf 90' lang='lat' dir='ltr'><strong>XXXIII.</strong></span> 
     </span>
    </p>
   </div>
   <div class='ocr_carea' id='block_1_13' title="bbox 337 3851 1140 3931">
    <p class='ocr_par' dir='ltr' id='par_1_14' title="bbox 337 3851 1140 3931">
     <span class='ocr_line' id='line_1_33' title="bbox 337 3851 1140 3931; baseline -0.002 -19"><span class='ocrx_word' id='word_1_219' title='bbox 337 3852 389 3912; x_wconf 87' lang='lat' dir='ltr'>De</span> <span class='ocrx_word' id='word_1_220' title='bbox 412 3851 568 3912; x_wconf 89' lang='lat' dir='ltr'>homine</span> <span class='ocrx_word' id='word_1_221' title='bbox 590 3851 760 3931; x_wconf 86' lang='lat' dir='ltr'>Ingenuo</span> <span class='ocrx_word' id='word_1_222' title='bbox 783 3851 1140 3930; x_wconf 84' lang='lat' dir='ltr'>repraesentando.</span> 
     </span>
    </p>
   </div>
   <div class='ocr_carea' id='block_1_14' title="bbox 156 3950 1318 4287">
    <p class='ocr_par' dir='ltr' id='par_1_15' title="bbox 156 3950 1318 4287">
     <span class='ocr_line' id='line_1_34' title="bbox 266 3950 1318 4033; baseline -0.004 -15"><span class='ocrx_word' id='word_1_223' title='bbox 266 3957 292 4018; x_wconf 88' lang='lat' dir='ltr'>I.</span> <span class='ocrx_word' id='word_1_224' title='bbox 315 3954 408 4029; x_wconf 86' lang='lat' dir='ltr'>Quod</span> <span class='ocrx_word' id='word_1_225' title='bbox 431 3956 455 4015; x_wconf 88' lang='lat' dir='ltr'>si</span> <span class='ocrx_word' id='word_1_226' title='bbox 479 3953 575 4016; x_wconf 89' lang='lat' dir='ltr'>homo</span> <span class='ocrx_word' id='word_1_227' title='bbox 597 3953 750 4032; x_wconf 79' lang='lat' dir='ltr'>ingenuus</span> <span class='ocrx_word' id='word_1_228' title='bbox 773 3951 804 4013; x_wconf 93' lang='lat' dir='ltr'>in</span> <span class='ocrx_word' id='word_1_229' title='bbox 828 3950 982 4032; x_wconf 90' lang='lat' dir='ltr'>obsequio</span> <span class='ocrx_word' id='word_1_230' title='bbox 997 3951 1125 4016; x_wconf 85' lang='lat' dir='ltr'>alterius</span> <span class='ocrx_word' id='word_1_231' title='bbox 1140 3952 1318 4033; x_wconf 86' lang='lat' dir='ltr'>inculpatus</span> 
     </span>
     <span class='ocr_line' id='line_1_35' title="bbox 156 4037 1317 4118; baseline -0.004 -17"><span class='ocrx_word' id='word_1_232' title='bbox 156 4039 261 4111; x_wconf 83' lang='lat' dir='ltr'>fuerit,</span> <span class='ocrx_word' id='word_1_233' title='bbox 280 4038 348 4118; x_wconf 93' lang='lat' dir='ltr'>ipse</span> <span class='ocrx_word' id='word_1_234' title='bbox 370 4037 422 4118; x_wconf 89' lang='lat' dir='ltr'>qui</span> <span class='ocrx_word' id='word_1_235' title='bbox 446 4056 517 4098; x_wconf 88' lang='lat' dir='ltr'>eum</span> <span class='ocrx_word' id='word_1_236' title='bbox 541 4046 614 4118; x_wconf 89' lang='lat' dir='ltr'>post</span> <span class='ocrx_word' id='word_1_237' title='bbox 644 4056 678 4099; x_wconf 92' lang='lat' dir='ltr'>se</span> <span class='ocrx_word' id='word_1_238' title='bbox 702 4038 814 4098; x_wconf 90' lang='lat' dir='ltr'>eodem</span> <span class='ocrx_word' id='word_1_239' title='bbox 846 4046 988 4116; x_wconf 85' lang='lat' dir='ltr'>tempore</span> <span class='ocrx_word' id='word_1_240' title='bbox 1010 4037 1147 4109; x_wconf 81' lang='lat' dir='ltr'>retinuit,</span> <span class='ocrx_word' id='word_1_241' title='bbox 1169 4037 1200 4097; x_wconf 89' lang='lat' dir='ltr'>in</span> <span class='ocrx_word' id='word_1_242' title='bbox 1217 4055 1317 4118; x_wconf 86' lang='lat' dir='ltr'>prae-</span> 
     </span>
     <span class='ocr_line' id='line_1_36' title="bbox 157 4120 1318 4203; baseline -0.003 -18"><span class='ocrx_word' id='word_1_243' title='bbox 157 4125 257 4185; x_wconf 82' lang='lat' dir='ltr'>sentIa</span> <span class='ocrx_word' id='word_1_244' title='bbox 271 4120 380 4183; x_wconf 89' lang='lat' dir='ltr'>iudicis</span> <span class='ocrx_word' id='word_1_245' title='bbox 396 4121 546 4195; x_wconf 88' lang='lat' dir='ltr'>simiIiter,</span> <span class='ocrx_word' id='word_1_246' title='bbox 563 4120 642 4184; x_wconf 91' lang='lat' dir='ltr'>sicut</span> <span class='ocrx_word' id='word_1_247' title='bbox 656 4121 799 4202; x_wconf 87' lang='lat' dir='ltr'>superius</span> <span class='ocrx_word' id='word_1_248' title='bbox 816 4120 1090 4203; x_wconf 88' lang='lat' dir='ltr'>conpraehensum</span> <span class='ocrx_word' id='word_1_249' title='bbox 1107 4130 1164 4200; x_wconf 86' lang='lat' dir='ltr'>est,</span> <span class='ocrx_word' id='word_1_250' title='bbox 1181 4139 1318 4202; x_wconf 89' lang='lat' dir='ltr'>reprae-</span> 
     </span>
     <span class='ocr_line' id='line_1_37' title="bbox 157 4206 853 4287; baseline 0.001 -18"><span class='ocrx_word' id='word_1_251' title='bbox 157 4218 281 4271; x_wconf 88' lang='lat' dir='ltr'>sentare</span> <span class='ocrx_word' id='word_1_252' title='bbox 303 4207 437 4278; x_wconf 85' lang='lat' dir='ltr'>studeat,</span> <span class='ocrx_word' id='word_1_253' title='bbox 461 4206 566 4268; x_wconf 91' lang='lat' dir='ltr'>autin</span> <span class='ocrx_word' id='word_1_254' title='bbox 589 4225 624 4268; x_wconf 86' lang='lat' dir='ltr'>re</span> <span class='ocrx_word' id='word_1_255' title='bbox 647 4208 853 4287; x_wconf 87' lang='lat' dir='ltr'>respondere.</span> 
     </span>
    </p>
   </div>
   <div class='ocr_carea' id='block_1_15' title="bbox 0 0 1482 4944">
    <p class='ocr_par' dir='ltr' id='par_1_16' title="bbox 0 0 1482 4944">
     <span class='ocr_line' id='line_1_38' title="bbox 0 0 1482 4944; baseline 0 5"><span class='ocrx_word' id='word_1_256' title='bbox 0 0 1482 4944; x_wconf 95' lang='lat' dir='ltr'> </span> 
     </span>
    </p>
   </div>
  </div>
 </body>
</html>
