2956 4944
591 345 666 403 LEX
685 344 872 405 eleuauit.
1275 347 1310 403 st

626 539 770 595 ucouu.
790 523 830 596 Α.

152 661 360 734 Romanam
398 659 573 758 legitimo
610 659 746 734 fuisset
781 661 967 758 ingenuos
1003 660 1207 736 relaxatus.
1267 662 1402 742 Eteau.

152 772 243 835 tunc
261 759 330 856 illi,
349 758 414 859 qui
435 783 589 835 causam
607 760 859 859 prosequitur,
879 761 915 835 in
934 774 1112 861 presente
1132 762 1313 837 constrin-

153 873 277 962 gatur,
288 873 329 934 ut
343 886 385 936 se
401 872 488 935 ante
502 860 626 936 iudice
641 862 905 960 repraesentit,
917 874 955 938 et
969 865 1015 937 ad
1029 873 1177 962 partem
1193 864 1313 938 eccle-

153 963 235 1038 siae
257 966 329 1037 100
347 961 489 1037 solidos
516 962 717 1062 culpabilis
744 963 942 1061 iudicetur,
969 975 1007 1039 et
1033 964 1238 1063 unicuique
1266 965 1312 1038 de

152 1064 313 1138 testibus
344 1068 388 1140 15
414 1063 571 1161 solidos,
597 1075 635 1139 et
658 1063 924 1140 archidiacono
952 1067 1001 1141 45
1020 1066 1165 1140 solidos
1189 1066 1314 1164 culpa-

152 1164 238 1238 bilis
267 1164 474 1261 iudicetur,
507 1176 544 1239 et
576 1165 851 1240 nihilhominus
882 1167 1011 1240 tabule
1049 1165 1198 1241 stabilis
1229 1190 1314 1265 per-

152 1277 342 1339 maneant.

256 1369 290 1440 6.
341 1366 448 1454 Quod
481 1365 512 1438 si
550 1365 837 1440 archidiaconus
874 1365 946 1440 ista
982 1366 1189 1464 adimplere
1227 1390 1314 1440 con-

154 1476 380 1565 tempserat,
408 1476 447 1540 et
473 1476 685 1559 auctorem,
715 1466 778 1565 qui
806 1490 894 1540 eum
921 1466 1129 1566 ingenuum
1157 1466 1313 1562 dimisit,

153 1593 228 1642 non
269 1566 474 1663 inveniret,
508 1577 598 1640 tunc
635 1566 862 1641 tabularium
900 1566 983 1666 ipse
1025 1566 1313 1641 archidiaconus

154 1694 241 1742 cum
273 1667 694 1767 quadragintaquinque
724 1668 975 1743 semissolidis
1008 1679 1046 1743 et
1077 1692 1163 1742 cum
1195 1669 1315 1742 omni-

153 1772 223 1845 bus
250 1772 362 1844 rebus
390 1769 470 1844 suis
495 1769 646 1867 proprio
675 1769 814 1844 domno
843 1771 986 1844 studiat
1006 1768 1247 1864 reservare*,
1277 1778 1315 1842 et

154 1871 413 1971 unusquisque
441 1871 487 1944 de
514 1869 675 1944 testibus
702 1881 761 1944 ter
787 1871 924 1969 quinus
953 1869 1211 1946 simissolidus
1240 1869 1316 1943 cul·

152 1972 288 2070 pabilis
306 1971 506 2045 iudicetur.

258 2072 283 2154 *)
307 2070 476 2132 reformari
500 2073 528 2134 4.

256 2180 290 2247 7.
345 2174 454 2262 Quod
497 2172 529 2245 si
561 2184 694 2247 auctor
725 2172 956 2248 dimissionis
988 2198 1074 2247 eum
1107 2172 1316 2273 ingenuum

154 2274 301 2370 fecerit,
330 2298 444 2347 cause
468 2285 691 2372 prosecutor
716 2272 832 2346 simili
855 2273 972 2348 multa
992 2274 1191 2368 susteniat,
1219 2273 1319 2347 sicut

155 2374 330 2473 superius
358 2374 523 2449 scribere
551 2373 744 2471 iussimus,
769 2386 808 2449 et
834 2374 990 2473 insuper
1012 2374 1200 2449 ecclesiae
1219 2373 1319 2447 limi·

155 2477 264 2550 nibus
294 2476 525 2575 expellatur,
554 2477 790 2576 usquedum
818 2476 973 2576 proprio
1002 2475 1183 2576 episcopo
1209 2475 1319 2550 satis·

156 2577 280 2652 faciat.

256 2683 290 2753 8.
320 2679 426 2767 Quod
446 2678 477 2752 si
498 2679 582 2778 quis
604 2678 829 2753 tabularium
849 2703 895 2753 ex
912 2703 1022 2753 servo
1042 2678 1167 2753 alieno
1191 2679 1318 2751 facere

157 2836 1319 2846 -Μ,

632 2922 776 2978 acono.
796 2905 837 2976 B.

155 3041 252 3104 larius
269 3041 440 3103 secundum
453 3042 553 3123 legem
565 3042 740 3101 Romanam
753 3039 890 3120 legitime
902 3038 1013 3100 fuisset
1023 3039 1176 3120 ingenuus
1188 3037 1319 3100 relaxa-

156 3135 216 3188 tus.
260 3126 298 3186 Et
324 3132 397 3186 tunc
418 3124 478 3199 ille,
508 3124 561 3205 qui
583 3143 728 3187 caussam
750 3123 964 3205 prosequitur,
991 3123 1023 3183 in
1047 3128 1213 3204 praesente
1236 3141 1319 3185 con-

156 3210 344 3291 stringatur,
378 3216 412 3272 ut
447 3228 482 3272 se
519 3215 591 3270 ante
627 3208 761 3269 iudicem
795 3214 1022 3289 repraesentet,
1056 3216 1088 3269 et
1119 3208 1159 3269 ad
1195 3216 1317 3287 partem

156 3293 307 3357 ecclesiae
333 3296 392 3360 100
414 3292 525 3356 solidis
548 3292 710 3373 culpabilis
733 3292 895 3367 iudicetur,
921 3299 953 3353 et
974 3291 1141 3373 unicuique
1163 3290 1203 3353 de
1225 3292 1319 3354 testi-

156 3381 213 3440 bus
245 3383 283 3444 15
306 3378 414 3441 solidis
446 3376 608 3458 culpabilis
634 3377 799 3449 iudicetur,
827 3386 859 3439 et
886 3376 1109 3439 archidiacono
1137 3377 1176 3441 45
1207 3374 1318 3437 solidis

155 3462 318 3542 culpabilis
335 3463 500 3535 iudicetur,
524 3469 555 3524 et
576 3461 801 3523 nihilhominus
817 3461 943 3524 tabulae
958 3460 1087 3524 stabiles
1102 3468 1318 3541 permaneant.

261 3549 291 3610 6.
336 3546 428 3620 Quod
459 3545 485 3609 si
508 3544 749 3609 archidiaconus
771 3545 831 3607 ista
854 3545 1027 3626 adimplere
1049 3541 1260 3613 contemserit,
1288 3549 1320 3604 et

156 3639 316 3692 auctorem
340 3649 462 3702 suum,
486 3630 537 3710 qui
560 3649 630 3690 eum
646 3631 815 3710 ingenuum
832 3629 957 3697 dimisit,
979 3647 1042 3689 non
1058 3626 1223 3698 invenerit,
1246 3633 1319 3686 tuuc

156 3713 347 3775 tabularium
377 3715 444 3794 ipse
472 3713 713 3776 archidiaconus
736 3732 806 3774 cum
830 3717 869 3778 45
893 3713 1002 3776 solidis
1025 3720 1057 3773 et
1079 3731 1147 3772 cum
1172 3711 1319 3773 omnibus

156 3800 250 3859 rebus
270 3797 335 3861 suis
354 3798 485 3878 proprio
505 3797 634 3859 domino
650 3797 777 3860 studeat
797 3797 973 3872 restituere,
996 3803 1027 3858 et
1049 3794 1263 3877 unusquisque
1280 3794 1319 3855 de

156 3882 287 3945 testibus
313 3885 351 3948 15
374 3881 483 3944 solidis
506 3882 670 3962 culpabilis
692 3881 855 3944 iudicetur.

261 3970 291 4030 7.
336 3965 427 4041 Quod
461 3965 487 4029 si
521 3975 632 4027 auctor
668 3965 858 4028 dimissionis
890 3984 961 4026 eum
995 3965 1162 4045 ingenuum
1200 3962 1318 4035 lecerit,

156 4069 295 4123 causam,
312 4051 363 4131 qui
380 4049 591 4131 prosequitur,
608 4049 741 4112 similem
758 4049 886 4110 multam
903 4048 1064 4122 sustineat,
1080 4049 1159 4109 sicut
1173 4047 1319 4128 superius

155 4135 295 4198 scribere
324 4135 481 4207 iussimus,
514 4141 546 4196 et
566 4135 696 4215 insuper
718 4135 758 4195 ab
781 4132 934 4195 ecclesiae
957 4132 1112 4195 liminibus
1136 4131 1319 4212 repellatur,

155 4238 256 4299 usque
279 4218 352 4281 dum
375 4219 507 4300 proprio
531 4219 601 4299 ipso
622 4216 806 4281 satisfaciat.

261 4306 291 4368 8.
328 4302 421 4377 Quod
444 4304 470 4367 si
492 4302 562 4384 quis
584 4302 771 4366 tabularium
795 4321 835 4363 ex
858 4320 952 4364 servo
974 4300 1078 4364 alieno
1099 4300 1206 4361 facere
1222 4315 1321 4380 prae-

1071 4415 1088 4465 6
