2956 4944
592 336 668 394 LEX
687 336 875 395 arnustus.
1276 337 1314 394 87

631 531 655 585 r
673 529 775 585 conr.
793 513 834 586 A.

257 654 290 722 7.
327 649 434 737 Quod
454 649 500 722 de
518 647 728 725 vinditione
749 649 1051 746 conscripsimus,
1078 651 1175 726 haec
1202 659 1240 724 et
1266 653 1313 726 de

153 749 356 825 donatione
380 748 665 824 constituemus.
705 752 786 825 Hoc
805 761 935 825 autem
955 749 1239 847 constituemus,
1259 763 1312 848 ut,

154 875 394 965 quecumque
417 850 454 923 in
479 876 592 927 causa
614 850 737 926 victur
755 851 934 949 extiterit,
958 875 1110 952 semper
1131 805 1313 925 iudiciuni

155 952 412 1049 conscriptum
431 951 607 1067 accipiat,
627 964 693 1027 aut
710 964 838 1029 testes.

255 1057 289 1128 8.
332 1053 370 1127 Si
409 1052 493 1152 quis
528 1053 565 1127 in
601 1053 741 1128 iudicio
775 1052 1038 1152 interpellatus
1072 1064 1213 1127 cartam
1244 1076 1314 1166 per

154 1153 327 1229 manibus
358 1153 552 1251 habuerit,
584 1154 687 1229 nulle
720 1180 753 1229 er
746 1153 878 1229 male
909 1153 1042 1229 ordine
1072 1152 1176 1229 vel
1166 1151 1312 1229 invasio

152 1266 396 1370 requeratur3
446 1254 534 1353 quia
581 1257 669 1328 dum
714 1253 977 1352 interpellatus
1021 1254 1218 1353 respondit
1266 1254 1311 1328 ad

153 1353 470 1470 interrogatione:
507 1355 585 1428 ‘Sta
608 1355 681 1451 tu’,
712 1366 750 1429 et
782 1355 865 1429 sine
887 1365 1051 1454 tangano
1075 1355 1252 1454 loquatur
1278 1365 1315 1428 et
1329 1396 1356 1438 ρ.
1362 1379 1414 1428 ιιι.

153 1456 274 1530 dicat:
312 1457 407 1530 ‘Non
434 1454 535 1530 malo
568 1455 720 1551 ordine,
755 1458 821 1530 sed
850 1478 919 1554 per
945 1465 1214 1529 testamentum
1240 1456 1315 1529 hoc

152 1556 287 1632 teneo'.

257 1660 290 1732 9.
340 1655 458 1730 Filius
493 1667 621 1731 autem
655 1667 720 1732 aut
755 1654 905 1730 filiabus
943 1679 1059 1754 super
1094 1654 1139 1730 12
1171 1653 1315 1730 solidos

154 1758 218 1833 uni
245 1759 330 1857 plus
359 1782 471 1857 quam
498 1758 606 1832 alteri
627 1756 722 1831 nihil
748 1759 963 1832 condonare
989 1755 1050 1830 vel
1077 1755 1314 1831 conscribere

154 1858 420 1958 permittimus.
465 1858 573 1948 Quod
599 1858 630 1934 si
660 1858 744 1958 quis
763 1859 908 1955 feeerit,
927 1857 1102 1932 hirritnm
1119 1858 1313 1932 habeatur.

259 2103 292 2170 1.
343 2096 383 2170 Si
422 2096 506 2195 quis
542 2096 674 2169 villam
695 1995 852 2170 leiit
816 2095 967 2171 vineam
1005 2095 1066 2169 vel
1106 2094 1315 2194 quamlibet

155 2197 507 2311 possessiunculam
539 2198 585 2269 ab
618 2195 693 2270 alio
723 2196 1004 2310 conparaverit
1042 2206 1080 2269 et
1111 2206 1315 2269 testamen·

155 2310 236 2372 tum
264 2298 438 2396 accipere
463 2321 537 2370 non
556 2296 736 2396 potuerit,
765 2321 798 2372 sr
789 2295 1031 2371 mediocres
1050 2320 1111 2371 res
1131 2305 1203 2390 est,
1228 2317 1314 2368 cum

154 2401 179 2473 6
198 2398 371 2493 testibus,
398 2408 436 2471 et
454 2398 485 2472 si
506 2422 635 2497 parva,
663 2421 748 2471 cum
769 2409 857 2493 tres,
884 2397 1032 2498 quodsi
1052 2421 1205 2496 magna,
1228 2419 1315 2469 cum

159 2503 204 2575 12
248 2501 293 2572 ad
340 2500 466 2572 locum
517 2497 774 2573 tradiciones*
825 2525 910 2573 cum
953 2498 1112 2573 totidem
1155 2521 1413 2583 numerosum

257 2603 319 2670 *)ι.
339 2615 362 2655 e.
382 2600 553 2671 adstuduit,
575 2604 620 2671 qut
636 2602 760 2656 traditur.

158 2713 291 2722 u..--

635 2800 659 2854 n
678 2800 779 2855 corn.
798 2783 841 2854 B.

261 2922 291 2982 7.
335 2915 429 3011 Quod
454 2917 494 2977 de
516 2915 697 2978 venditione
719 2913 972 3013 conscripsimus,
993 2914 1074 2977 haec
1096 2922 1127 2977 et
1148 2916 1188 2977 de
1211 2915 1318 2977 dona-

155 3009 242 3066 tione
264 2996 491 3063 constituimus.
535 2999 605 3061 Hoc
626 3004 730 3060 autem
755 2998 983 3071 constituimus,
1009 3005 1052 3072 ut,
1075 2997 1272 3096 quicumque
1284 2997 1316 3059 in

154 3104 252 3149 causa
284 3083 386 3146 victor
418 3083 563 3157 extiterit,
597 3100 723 3163 semper
752 3080 899 3145 iudicium
930 3082 1139 3164 conscriptum
1174 3081 1316 3163 accipiet,

155 3178 211 3234 aul
233 3174 340 3233 testes.

262 3255 292 3320 8.
328 3251 360 3315 Si
388 3250 458 3334 quis
486 3250 518 3312 in
541 3248 656 3314 iudicio
678 3248 896 3350 interpellatus
917 3257 1037 3314 cartam
1065 3269 1143 3332 prae
1173 3248 1316 3313 manibus

156 3337 314 3412 habuerit,
337 3336 421 3399 nulla
438 3354 466 3397 er
459 3334 567 3398 malo
583 3333 694 3396 ordine
709 3333 782 3396 vel
772 3334 894 3398 invasio
908 3335 1107 3417 requiratur;
1129 3334 1225 3433 qpia,
1241 3335 1338 3396 dum
1344 3358 1368 3401 ρ.
1384 3339 1438 3390 tto

155 3422 381 3505 interpellatur,
411 3422 585 3501 respondet
607 3420 648 3481 ad
670 3418 958 3502 interrogationem,
981 3418 1075 3492 Stet',
1098 3426 1128 3480 et
1151 3418 1218 3481 sine
1240 3423 1318 3479 tan-

155 3526 240 3587 gano
261 3506 409 3587 loquatur
431 3513 462 3566 et
484 3505 580 3567 dicat:
604 3503 683 3566 Non
706 3504 790 3566 malo
806 3504 927 3579 ordine,
950 3504 1006 3566 sed
1023 3523 1080 3584 per
1095 3508 1315 3565 testamentum

157 3589 220 3652 boc
241 3591 353 3652 teneo’.

263 3677 293 3741 9.
322 3672 404 3736 Filiis
420 3679 525 3734 autem
542 3678 596 3733 aut
611 3670 735 3733 filiabus
752 3688 847 3752 super
864 3673 903 3736 12
918 3670 1037 3732 solidos
1061 3668 1114 3732 uni
1136 3669 1316 3749 plusquam

156 3757 247 3820 alteri
277 3755 354 3818 nibil
382 3755 564 3818 condonare
592 3756 642 3817 vel
671 3755 871 3818 conscribere
900 3754 1119 3835 permittimus.
1170 3751 1263 3826 Quod
1292 3752 1318 3814 si

156 3841 228 3923 quis
250 3840 369 3912 lecerit,
390 3841 512 3902 irritum
535 3839 701 3903 habeatur.

278 4029 330 4089 De
353 4024 652 4124 traditionibus
675 4033 714 4088 et
735 4022 912 4086 testibus
934 4021 1195 4086 adhibendis.

266 4115 293 4179 l.
326 4111 358 4174 Si
380 4109 450 4193 quis
472 4108 577 4172 villam
600 4118 655 4173 aut
676 4108 799 4172 vineam
822 4107 871 4169 vel
891 4107 1062 4207 quamlibet
1076 4106 1319 4203 possessiuncu-

158 4196 222 4258 lam
245 4200 285 4259 eb
307 4196 370 4259 elio
399 4192 598 4276 conparavit,
621 4201 653 4255 et
674 4199 895 4255 testamentum
919 4191 1062 4274 accipere
1085 4211 1147 4254 non
1170 4189 1317 4272 potuerit,

157 4299 185 4341 ει
201 4280 369 4345 mediocris
384 4299 437 4342 res
454 4287 512 4354 ert,
535 4297 604 4342 cum
624 4297 682 4342 sex
696 4276 850 4351 testibus,
873 4276 945 4340 etsi
960 4293 1069 4358 parva,
1092 4278 1208 4349 eumd,
1231 4273 1338 4355 quod
1344 4276 1436 4338 ΗΜ·
