2956 4944
596 336 672 392 LEX
693 334 881 393 arautem.

636 530 777 586 aeeee.
797 512 837 586 A.

658 649 813 724 xxxllt.
1323 691 1344 732 ρ.
1362 675 1415 724 ree.

257 774 288 843 1.
317 769 357 845 Si
382 769 468 869 quis
493 793 575 844 rem
603 793 712 844 suam
738 771 978 884 cognoverit,
1004 769 1131 844 mittat
1159 796 1312 845 manum

153 895 382 970 supeream
420 871 523 946 m
490 894 548 945 sie
567 870 623 944 illi
632 894 778 969 super
806 895 918 971 quem
941 868 1171 986 interdatur,
1196 872 1315 949 tercia

154 997 268 1046 manu
288 983 434 1071 querat,
453 982 541 1046 tune
560 973 596 1046 in
611 981 812 1072 praesente
833 974 945 1045 ambe
965 972 1164 1048 coniurare
1178 975 1316 1048 debent

154 1099 240 1148 eum
267 1075 442 1150 dexteras
469 1085 657 1169 armatas,
693 1084 731 1148 et
758 1098 845 1147 eum
876 1073 1054 1149 sinistras
1092 1073 1214 1174 ipsam
1232 1100 1314 1150 rem

152 1187 317 1250 teneant.
358 1177 462 1250 Unus
490 1175 597 1271 ierit,
626 1177 725 1273 qued
758 1175 796 1248 iu
823 1174 1017 1273 propriam
1044 1200 1125 1250 rem
1158 1200 1314 1250 manum

153 1276 299 1373 mittat3
335 1288 373 1351 et
401 1277 501 1351 alius
525 1275 643 1371 iuret,
678 1277 777 1374 qued
808 1278 854 1349 ad
875 1300 960 1350 eam
988 1302 1144 1350 manum
1177 1279 1315 1372 trahat,

155 1379 217 1477 qui
241 1377 276 1451 ei
303 1377 424 1476 ipsam
447 1402 529 1452 rem
554 1376 670 1450 dedit.
705 1375 751 1449 Et
765 1376 822 1451 sie
846 1376 942 1450 infra
956 1381 1092 1452 ducato
1109 1391 1179 1473 est
1200 1404 1315 1478 super

157 1482 202 1554 tt
214 1490 347 1554 nectes
363 1489 558 1553 auctorem
571 1502 683 1552 suum
698 1479 962 1576 repraesentit
996 1478 1036 1552 Si
1054 1479 1148 1554 feris
1166 1433 1314 1594 dueate⁷

153 1581 345 1679 superet.
394 1580 434 1656 Si
464 1591 592 1654 autem
623 1589 727 1652 extra
754 1604 893 1678 regne,
923 1603 1039 1677 super
1059 1583 1109 1655 84
1139 1582 1184 1653 ad
1210 1581 1315 1681 regis

153 1681 320 1777 stadele,
359 1681 430 1755 vel
460 1682 506 1756 ad
545 1705 591 1754 ee
621 1679 762 1777 lecum,
803 1679 864 1754 ubi
897 1679 1088 1755 amallus
1116 1693 1186 1778 est
1229 1706 1316 1756 aue·

152 1794 277 1858 terem
294 1808 407 1858 surim
426 1783 464 1856 iu
483 1792 682 1881 praesente
700 1784 850 1856 habeat.

258 1890 283 1973 *)
305 1901 352 1956 Sto
372 1900 402 1967 1,·
425 1887 592 1951 ametistus
607 1889 638 1952 2.
653 1889 690 1963 3
713 1887 874 1951 malletum
890 1887 920 1953 6.
937 1890 974 1963 7;
998 1887 1111 1950 malles
1126 1891 1156 1953 4.
1172 1893 1202 1956 5.
1218 1891 1248 1954 9.
1267 1890 1315 1954 10.

255 1996 289 2068 2.
317 1993 481 2108 Qued
450 2018 482 2067 si
508 2017 595 2068 eum
613 1991 754 2067 ibidem
773 1994 913 2067 habere
936 2018 1010 2067 nen
1039 1993 1219 2092 potuerit
1242 1992 1346 2068 sibi»
1363 2004 1416 2054 ²2²·

154 2093 350 2208 septimus·
377 2094 414 2167 in
439 2094 555 2169 harae
586 2093 765 2191 commit,
801 2095 900 2193 qued
930 2117 1017 2167 eum
1046 2093 1184 2170 ibidem
1221 2093 1317 2195 legi·

153 2197 224 2271 bus
249 2195 434 2269 maritum
454 2194 664 2290 habuisset,
687 2206 726 2269 et
751 2192 786 2268 ei
811 2197 856 2269 ab
881 2193 957 2269 alie
980 2194 1163 2271 homine
1153 2219 1236 2293 rpsa
1251 2219 1314 2270 res

154 2294 293 2370 tradita
312 2321 386 2370 nen
406 2295 550 2370 fuisset.
586 2293 651 2370 Sic
666 2320 701 2370 ei
691 2294 897 2411 placitum
915 2319 1031 2394 super
1052 2299 1097 2371 14
1116 2321 1184 2371 seu
1201 2321 1317 2396 super

155 2401 205 2475 ‹10
224 2396 285 2472 vel
302 2399 353 2472 80
372 2396 494 2472 nectis
523 2399 653 2493 detur,
680 2407 721 2472 ut
745 2398 792 2472 de
822 2395 907 2473 einu
931 2395 1161 2473 werduinia*
1185 2422 1253 2472 sua
1278 2397 1315 2471 in

266 2516 329 2588 *tt
349 2533 372 2573 e.
393 2519 605 2588 depretiem,
625 2515 674 2588 cfr.
693 2516 824 2589 tusrettt.
844 2514 888 2586 ta,
908 2515 971 2572 at.

639 2719 663 2774 ιι
681 2716 785 2775 ceee.
803 2700 848 2774 Β.

670 2817 803 2880 XXXV·
1268 2852 1270 2856 v
1324 2840 1414 2903 ..ιιι

592 2922 642 2982 De
664 2918 882 2982 intertiata.

264 3027 289 3089 t.
313 3023 344 3083 Si
368 3022 437 3104 quis
454 3041 520 3083 rem
537 3040 626 3084 suam
643 3021 835 3104 cognoverit,
858 3021 961 3084 mittat
977 3041 1105 3084 menum
1121 3041 1219 3103 super
1235 3041 1315 3086 eamr

153 3108 193 3170 Et
214 3107 259 3170 sie
279 3106 340 3180 itte,
362 3125 460 3188 super
474 3125 566 3188 quem
582 3104 771 3179 intersistat,
793 3106 919 3169 tertiam
936 3126 1063 3169 manum
1079 3115 1221 3188 quaeret,
1245 3115 1318 3170 tune

153 3193 185 3254 iu
209 3199 377 3291 praesente
403 3193 499 3254 ambe
518 3190 686 3253 conierere
712 3191 829 3252 debent
856 3211 927 3254 eum
957 3191 1090 3255 dextere
1118 3199 1257 3266 armate,
1285 3198 1317 3254 et

154 3296 224 3340 eum
246 3276 372 3339 sinistra
395 3276 498 3375 ipsam
520 3294 587 3336 rem
609 3282 748 3338 teneant.
777 3274 885 3338 Unus
877 3285 967 3350 iuret,
990 3275 1107 3356 qued
1097 3297 1128 3338 ιιι
1152 3276 1315 3358 propriam

154 3381 221 3423 rem
246 3380 371 3424 menum
395 3361 514 3436 mittat3
538 3367 570 3422 et
590 3358 669 3422 atius
689 3359 780 3433 iuret,
803 3363 888 3441 qued
905 3361 945 3422 ad
962 3380 1032 3423 eum
1050 3380 1177 3423 menum
1200 3361 1316 3434 trabat,

154 3465 235 3528 quae
269 3444 297 3508 ei
332 3446 434 3526 ipsam
468 3464 534 3506 rem
563 3444 660 3510 dedit.
710 3445 749 3505 Et
778 3444 805 3506 si
836 3444 919 3507 intra
948 3446 1095 3508 ducatum
1128 3455 1192 3517 est,
1220 3463 1317 3526 super

154 3530 408 3610 quattuordecim
443 3539 554 3592 nectes
586 3536 748 3592 auctorem
782 3549 872 3590 suum
901 3538 1130 3610 repraesentet.
1184 3528 1316 3590 Sideris

154 3614 279 3687 ducatu,
302 3634 398 3696 super
420 3618 471 3680 40.
503 3613 537 3675 Si
558 3621 663 3676 aetem
691 3620 949 3697 ermengaudi,
976 3632 1071 3695 super
1097 3616 1139 3678 80
1168 3613 1208 3674 ad
1231 3613 1315 3694 regie

153 3696 339 3778 stripeium,
362 3698 411 3759 vet
432 3698 473 3760 ad
496 3717 567 3760 eum
590 3697 704 3771 tecum,
731 3697 784 3759 ubi
806 3698 918 3759 matius
947 3707 1012 3770 est,
1035 3704 1199 3760 auctorem
1223 3717 1313 3760 suum

153 3783 183 3844 in
200 3789 370 3864 praesente
392 3781 521 3845 habeat.

258 3871 288 3932 2.
318 3865 413 3940 Qued
440 3866 466 3928 si
494 3885 565 3927 eum
593 3866 710 3928 ibidem
732 3866 854 3927 habere
876 3885 941 3927 nen
968 3865 1120 3946 potuerit,
1155 3865 1213 3927 sibi
1236 3885 1413 3948 sep-mer.

153 3950 246 4013 timus
274 3950 304 4012 in
333 3949 435 4013 erube
457 3951 614 4025 eeniuret,
645 3949 731 4032 qued
759 3969 830 4012 eum
857 3949 973 4012 ibidem
996 3949 1115 4033 legibus
1140 3950 1312 4013 mannitum

152 4034 325 4112 habuisset,
355 4042 387 4098 et
407 4034 467 4097 sibi
490 4037 530 4097 ab
552 4034 614 4097 atie
635 4034 795 4096 bomine
786 4054 855 4116 ipsa
879 4053 928 4096 res
952 4034 1068 4097 tradita
1099 4053 1162 4097 nen
1192 4035 1313 4098 fuisset.

152 4119 409 4204 strepentium
428 4139 525 4200 super
544 4117 796 4218 quattuordecim
815 4138 871 4182 seu
888 4137 985 4201 super
1006 4121 1046 4186 40
1069 4117 1119 4180 vel
1140 4120 1182 4187 80
1203 4126 1313 4183 nectes

153 4205 255 4280 detur,
283 4213 316 4269 ut
346 4202 612 4267 cinewerduniem
642 4221 731 4265 suam
759 4203 790 4265 in
820 4203 1002 4285 praesentia
1024 4203 1150 4266 testium
1172 4202 1314 4284 recipiat,
