2956 4944
605 295 682 353 LEX
701 296 888 355 utentum.
1278 302 1332 358 103

648 489 789 546 soona.
808 474 849 548 Α.

169 605 304 682 similis
324 608 498 682 lunonem
518 607 717 706 culpabilis
738 608 937 709 iudicetur,
956 624 1021 687 aut
1040 638 1126 687 oum
1144 615 1328 713 seruiunt,

170 709 266 805 quod
288 732 375 783 eum
393 734 468 782 non
490 710 654 784 celasset
671 734 741 784 nec
762 710 798 782 in
819 711 932 787 domo
950 714 1131 812 pavisset.

675 865 827 940 LXXlX.

269 984 308 1059 Si
329 984 413 1083 quis
432 986 545 1058 horno
560 996 716 1083 propter
729 987 870 1061 furtum
887 989 1185 1085 comprehensus
1199 990 1327 1089 fuerit,

168 1095 205 1158 et
234 1084 406 1184 legitime
431 1085 713 1183 superiuratus,
740 1087 833 1160 etin
857 1087 997 1162 iudicio
1020 1089 1214 1189 principes
1236 1116 1327 1189 pen·

167 1184 266 1261 ditus
295 1187 420 1283 fuerit,
447 1186 508 1260 vel
535 1187 571 1258 in
600 1211 839 1286 quocumque
864 1189 957 1263 libet
973 1190 1184 1287 patibulum
1208 1191 1324 1267 vitam

164 1286 344 1382 finiverit,
369 1311 499 1362 omnes
518 1311 580 1361 res
600 1312 687 1362 suas
704 1289 864 1363 heredes
883 1292 1129 1387 possedeant,
1155 1293 1355 1391 exeeptisr-
1370 1311 1423 1362 ret

167 1387 329 1484 capitale
349 1398 386 1461 et
405 1387 567 1461 dilatura
586 1387 624 1460 in
643 1387 728 1462 loeo
747 1389 957 1463 restituant.

677 1544 812 1618 LXXX.

264 1662 303 1737 Si
329 1661 413 1762 quis
435 1662 652 1738 Ribuarium
678 1665 725 1738 de
747 1667 808 1737 via
835 1689 901 1739 sua
931 1667 1133 1762 ostaverst,
1162 1670 1206 1744 15
1233 1667 1324 1741 soli·
1431 1696 1436 1705 ·

164 1764 232 1839 dos
253 1763 453 1862 culpabilis
472 1763 671 1861 iudicetur,
690 1776 755 1839 aut
773 1791 858 1840 oum
878 1769 901 1843 6
920 1767 1029 1865 iurit,
1049 1769 1148 1868 quod
1169 1767 1203 1843 ei
1222 1767 1324 1842 viam

161 1889 267 1939 suam
288 1889 374 1940 oum
394 1890 500 1940 arma
520 1891 725 1965 numquam
746 1867 1046 1945 contradixisset.

668 2023 822 2097 LXXXl.

263 2137 305 2211 Si
320 2139 404 2237 quis
417 2140 531 2213 homo
545 2139 745 2215 Ribuarius
765 2143 964 2216 defunctus
984 2142 1110 2236 fuerit⁷
1129 2143 1190 2215 vel
1210 2144 1323 2217 inter·

162 2238 302 2333 fectus
329 2237 504 2314 etlilium
524 2239 741 2338 reliquerim
768 2267 889 2341 usque
912 2246 969 2320 15.
989 2267 1087 2316 anno
1112 2242 1222 2340 pleno
1251 2268 1322 2318 neo

639 2540 782 2596 sceno.
802 2525 845 2597 B.

158 2658 218 2719 luri
241 2659 402 2742 culpabilis
417 2659 579 2733 iudicetur,
602 2667 656 2721 aut
671 2678 740 2721 oum
757 2662 777 2725 6
792 2659 882 2734 iuret,
905 2660 991 2741 quod
1007 2679 1077 2722 eum
1093 2681 1152 2723 nec
1166 2662 1321 2726 caelasset

157 2762 216 2804 nee
238 2742 269 2805 in
293 2744 389 2807 domo
413 2744 561 2826 pavisset.

670 2843 813 2906 LXXXl.

328 2949 379 3008 De
405 2947 553 3009 homine
576 2946 743 3029 pendulo
767 2946 907 3008 eteius
930 2946 1156 3011 hereditate.

263 3047 293 3110 Si
323 3048 393 3129 quis
422 3048 520 3110 homo
552 3055 682 3131 propter
710 3047 824 3110 lurtum
854 3048 1110 3130 conpraehensos
1141 3049 1252 3123 luerit,
1285 3057 1317 3114 et

156 3132 292 3215 legitime
314 3132 542 3214 superiuratus,
565 3141 596 3194 et
617 3131 730 3194 iudicio
753 3132 902 3214 principis
925 3131 1080 3213 pendutus
1094 3133 1199 3210 fuerit,
1221 3134 1269 3196 vel
1284 3136 1315 3197 in

157 3235 355 3298 quocumque
376 3217 452 3280 libet
474 3217 614 3299 patibulo
630 3215 737 3278 ‘vitam
753 3215 879 3289 finierit,
902 3234 1012 3280 omnes
1028 3235 1080 3279 res
1097 3217 1164 3281 eius
1179 3219 1315 3282 heredes
1326 3236 1366 3297 ⁸7.
1381 3237 1437 3290 m

155 3301 348 3380 possideant,
372 3310 503 3384 excepto
526 3298 660 3383 capitale
683 3307 714 3362 et
736 3299 871 3363 dilutura
892 3299 924 3362 in
948 3302 1050 3363 locum
1072 3304 1247 3366 restituant.

657 3437 814 3502 LXXXll.

568 3544 619 3603 De
643 3542 731 3603 viee
754 3541 900 3604 lacine.

259 3646 291 3706 Si
320 3645 388 3726 quis
411 3644 574 3707 Ribuarius
603 3644 771 3727 ingenuum
793 3643 974 3706 Ribuarium
999 3642 1039 3704 de
1060 3644 1110 3705 via
1132 3644 1315 3721 obstarent,

155 3731 193 3796 15
220 3728 330 3793 solidis
357 3728 519 3809 culpabilis
544 3727 716 3800 iudicetur,
746 3734 799 3788 aut
820 3745 889 3789 oum
912 3731 932 3793 6
954 3725 1043 3799 iuret,
1075 3729 1159 3808 quod
1181 3728 1209 3790 ei
1231 3729 1314 3793 viam

152 3832 242 3876 suem
265 3832 335 3874 eum
359 3812 455 3876 armis
477 3831 648 3893 numquam
671 3809 921 3874 contradixisset.

650 3948 818 4011 LXXXlll.

257 4055 300 4117 Ut
322 4052 507 4135 parvulos
530 4070 602 4114 nou
629 4051 869 4133 respondeat
891 4059 976 4113 ante
1001 4054 1043 4118 15
1067 4069 1204 4115 annos.

256 4156 287 4219 Si
311 4157 381 4238 quis
403 4156 501 4218 homo
518 4154 684 4219 Ribuarius
706 4154 871 4217 defunctus
892 4154 986 4216 fuerit
1000 4154 1050 4217 vel
1065 4154 1256 4227 interlectos,
1280 4161 1312 4218 et

151 4239 249 4303 filium
281 4240 450 4324 reliquerit,
481 4259 580 4322 usque
605 4243 654 4307 15.
678 4257 793 4302 annum
817 4239 942 4319 plenum
966 4258 1024 4301 neo
1045 4256 1172 4302 oausam
1195 4258 1314 4320 prose-
