2956 4944
589 334 666 392 LEX
686 334 873 392 lillillAltlA.
1275 336 1309 391 at

631 529 655 583 r
674 527 776 585 cono.
795 510 835 584 A.

152 672 312 747 cumque
332 658 418 746 post
436 659 628 723 auctorem
649 660 687 722 et
702 649 926 748 sanguinem
947 648 1122 723 effusoris
1144 649 1204 723 vel
1224 662 1310 747 post

150 760 229 823 tres
257 749 394 846 prioris
429 748 590 846 fuerint,
626 752 883 849 unusquisque
911 761 971 824 ter
1001 749 1135 847 quinos
1168 751 1310 825 solidos

151 850 345 947 multetur,
369 860 407 924 et
426 850 604 950 quicquid
624 850 764 925 ibidem
784 851 994 925 talaverent
1012 849 1245 924 restituant*.

273 957 299 1029 Ι*)
319 961 406 1014 codor
431 959 448 1013 5
472 960 515 1015 tto
538 963 772 1016 tormentatum:
813 947 983 1024 Quomodo
1005 948 1209 1031 wirageldum
1239 949 1311 1010 sol-

319 1048 394 1091 vere
412 1038 525 1113 potest,
543 1047 561 1098 i.
575 1057 600 1119 c.
619 1047 657 1100 tit.
671 1043 788 1110 XXXVI,
807 1060 864 1113 cop.
881 1042 923 1098 ll.
943 1048 970 1098 ct
990 1042 1032 1097 12.
1051 1046 1174 1098 editionis
1192 1048 1310 1099 nostroe·

684 1152 786 1224 LXV.

256 1277 287 1344 1.
318 1271 359 1344 Si
375 1271 459 1369 quis
473 1269 622 1370 legibus
642 1270 680 1342 in
702 1271 904 1345 utilitatem
920 1272 1023 1371 regis
1042 1272 1124 1347 sive
1143 1272 1181 1346 in
1199 1272 1311 1347 hoste

152 1396 222 1445 seu
241 1370 278 1443 in
298 1370 486 1470 reliquam
505 1369 707 1445 utilitatem
733 1372 909 1446 bannitus
935 1372 1062 1467 fuerit,
1091 1382 1130 1447 et
1154 1371 1311 1447 minime

152 1471 427 1569 adimpleverit,
454 1470 485 1545 si
507 1470 682 1569 egritudo
702 1496 790 1546 eum
809 1498 883 1546 non
902 1472 1126 1568 detenuerit,
1154 1475 1204 1547 60
1222 1471 1313 1548 soli·

153 1573 222 1647 dos
243 1572 433 1647 multetur.

254 1695 287 1767 2.
320 1690 360 1766 si
381 1702 509 1766 autem
522 1693 715 1767 Romanus
731 1703 796 1766 aut
810 1690 1094 1768 ecclesiasticus
1106 1691 1168 1766 vel
1183 1690 1311 1790 regius
1327 1715 1413 1776 pass.

151 1793 267 1867 homo
291 1793 365 1868 boc
388 1793 534 1890 fecerit,
553 1794 813 1893 unusquisque
834 1805 965 1869 contra
986 1803 1181 1868 auctorem
1200 1816 1311 1867 suum

154 1897 202 1969 30
220 1893 363 1969 solidos
384 1894 584 1994 culpabilis
604 1894 802 1970 iudicetur.

258 2017 291 2087 3.
337 2012 378 2088 si
411 2013 494 2112 quis
524 2013 751 2114 legatariam
783 2038 894 2113 reges
920 2013 981 2088 vel
1009 2014 1055 2087 ad
1083 2037 1213 2127 regern
1244 2037 1312 2086 seu

154 2114 191 2185 in
212 2113 415 2188 utilitatem
434 2139 547 2213 reges
568 2127 792 2213 pergentem
815 2113 985 2212 hospicio
1007 2136 1202 2211 suscipere
1226 2137 1313 2186 con·

154 2215 376 2312 tempserit,
424 2214 497 2288 nisi
536 2215 722 2289 emunitas
758 2214 861 2312 regis
914 2214 987 2286 hoc
1032 2212 1313 2307 contradixerit,

155 2317 204 2388 60
220 2314 359 2388 solidos
378 2314 579 2412 culpabilis
600 2314 798 2390 iudicetur.
840 2317 914 2388 Aut
942 2313 974 2388 si
1002 2313 1152 2413 regius,
1178 2314 1314 2387 Roma·

154 2439 224 2488 nus
251 2426 316 2489 aut
342 2415 622 2491 ecclesiasticus
647 2416 764 2491 homo
791 2416 864 2489 hoc
883 2415 1029 2512 fecerit,
1056 2414 1314 2514 unusquisque

154 2528 283 2590 contra
309 2528 503 2592 auctorem
528 2541 638 2592 suum
657 2520 707 2593 30
725 2516 869 2593 solidos
889 2515 1090 2615 culpabilis
1115 2515 1313 2590 iudicetur.

630 2836 773 2892 scona.
794 2818 837 2890 B.

153 2961 226 3034 post
258 2960 419 3014 auctorem
455 2961 491 3018 et
520 2952 678 3037 sanguinis
715 2953 868 3013 effusores
902 2952 952 3012 vol
989 2958 1061 3032 post
1093 2957 1159 3012 tres
1191 2951 1314 3032 priores

152 3036 276 3109 luerint,
306 3035 519 3118 unusquisque
550 3037 589 3104 15
612 3036 721 3098 solidis
751 3035 914 3112 multetur,
937 3042 968 3096 et
990 3034 1136 3116 quicquid
1165 3034 1208 3097 ibi
1229 3035 1316 3098 tala-

153 3120 266 3196 verint,
288 3120 465 3184 restituant.
672 3202 794 3266 LXVII·

371 3309 423 3369 Dc
446 3326 491 3369 eo
514 3306 577 3389 qui
600 3308 768 3368 bannum
793 3324 867 3368 non
890 3305 1092 3387 adimplet.

262 3412 289 3476 l.
333 3409 366 3472 Si
393 3409 462 3492 quis
491 3408 611 3492 legibus
632 3409 664 3470 in
687 3408 849 3472 utilitatem
873 3406 955 3490 regis
984 3407 1051 3470 sive
1072 3408 1104 3469 in
1134 3407 1225 3471 hoste
1248 3406 1314 3470 sire

154 3493 185 3554 in
215 3493 367 3575 reliquam
392 3493 556 3556 utilitatem
579 3493 725 3555 bannitus
747 3492 849 3567 luerit,
881 3499 914 3555 et
935 3491 1062 3554 minime
1085 3491 1314 3573 adimpleverit,

154 3577 181 3640 si
203 3578 346 3660 egritudo
369 3598 439 3640 eum
462 3597 526 3640 non
550 3577 737 3648 detonuerit,
759 3581 801 3645 60
822 3575 933 3639 solidis
956 3576 1113 3638 multetur.

260 3684 290 3744 2.
326 3679 357 3741 si
380 3687 484 3743 autem
507 3682 668 3744 Romanus
691 3688 745 3743 aut
768 3678 997 3743 ecclesiasticus
1019 3678 1068 3741 vel
1090 3677 1194 3761 regios
1216 3677 1314 3740 bomo
1329 3693 1411 3755 ,ccc

153 3763 215 3826 boc
245 3763 364 3837 iecerit,
396 3764 610 3847 unusquisque
640 3770 749 3826 contra
773 3771 912 3825 actorem
936 3781 1026 3824 suum
1048 3763 1089 3828 30
1113 3761 1220 3824 solidis
1244 3761 1315 3824 cul-

154 3847 267 3928 pabilis
289 3847 452 3911 iudicetur.

260 3952 290 4017 3.
327 3950 359 4011 si
389 3950 458 4050 quis
486 3957 589 4014 autem
619 3948 804 4031 legatarium
832 3948 915 4030 regis
940 3947 989 4010 vel
1012 3948 1052 4010 ad
1075 3966 1181 4029 regem
1204 3967 1261 4010 seu
1282 3947 1315 4009 in

154 4034 319 4099 utilitatem
342 4055 424 4118 regis
447 4043 629 4116 pergentem
652 4033 791 4115 bospitio
814 4031 972 4114 suscipere
994 4033 1228 4115 contempserit,
1254 4032 1314 4095 nisi

155 4119 308 4183 emunitas
330 4119 412 4203 regis
435 4118 498 4182 boc
519 4117 755 4189 contradixerit,
776 4118 818 4182 00
834 4115 942 4180 solidis
965 4116 1128 4198 culpabilis
1149 4115 1313 4180 iudicetur.

154 4208 215 4265 Aut
230 4204 256 4264 si
271 4204 387 4286 regius,
402 4204 563 4266 Romanus
580 4211 633 4264 aut
648 4201 877 4265 ecclesiasticus
892 4200 990 4263 bomo
1002 4201 1064 4262 boc
1078 4201 1197 4273 iecerit,
1212 4219 1314 4263 unus-

155 4287 288 4370 quisque
310 4295 420 4351 contra
444 4295 582 4352 actorem
605 4306 695 4348 suum
718 4288 760 4353 30
782 4283 892 4349 solidis
914 4284 1071 4347 multetur.
