2956 4944
591 337 669 393 LEX
687 335 875 394 nisenam.

635 532 658 587 a
676 532 780 587 corn.
797 515 838 588 A.

254 655 288 728 2.
316 654 422 742 Quod
446 652 477 727 si
500 677 587 726 eum
606 678 680 726 non
699 653 1055 751 repraesentaverit,
1073 653 1188 728 talem
1210 657 1313 728 dam·

152 781 241 829 num
262 756 447 848 incurrat,
473 755 627 851 qualem
653 753 717 827 ille
743 755 933 829 sustinere
959 757 1158 852 debuerat,
1185 759 1246 854 qui
1275 758 1312 829 in

153 857 235 932 eius
256 855 482 955 obsequium
501 867 560 930 est
579 854 805 952 inculpatus.

254 963 287 1032 3.
316 959 396 1031 Hoc
412 968 539 1032 autem
556 957 851 1051 constituemus,
875 968 917 1030 ut
939 957 1033 1030 infra
1055 983 1155 1058 pago
1177 960 1343 1036 Ribuan.
1359 977 1411 1026 aa

151 1059 208 1133 rio
227 1070 305 1132 tam
325 1058 480 1153 Franci,
498 1057 798 1158 Burgundionis,
824 1059 1040 1151 Alamanni,
1071 1063 1205 1134 sende
1225 1086 1313 1159 qua·

153 1185 314 1258 cumque
334 1161 486 1234 natione
507 1171 749 1234 conmoratus
768 1159 894 1254 fuerit,
920 1160 957 1231 in
978 1159 1115 1234 iudicio
1135 1162 1314 1261 interpel-

152 1263 264 1357 latuS,
284 1262 384 1337 sieut
401 1261 463 1334 lex
477 1260 552 1333 loci
574 1261 750 1357 contenit,
771 1261 832 1334 ubi
853 1271 962 1335 natus
982 1263 1065 1356 fuit,
1084 1263 1140 1337 siu
1159 1287 1313 1362 respon·

152 1366 252 1437 deat.
298 1403 301 1410 ·

183 1533 185 1536 ,
254 1467 289 1538 4.
316 1461 425 1550 Quod
444 1461 477 1535 si
498 1464 695 1536 damnatus
714 1462 840 1558 fuerit,
860 1466 1068 1536 secundum
1087 1464 1212 1564 legem
1228 1491 1313 1564 pro·

153 1564 289 1663 priam,
307 1588 384 1638 non
403 1565 612 1639 secundum
629 1563 859 1657 Ribuariam,
883 1566 1063 1638 damnum
1082 1577 1286 1642 susteneat.

194 1739 198 1743 ,
255 1669 290 1765 5,
317 1665 425 1754 Quod
452 1665 482 1739 si
511 1665 548 1737 in
574 1664 770 1763 provincia
794 1665 971 1739 Ribuaria
998 1666 1185 1743 iuratores
1212 1667 1314 1743 inve·

152 1766 234 1841 nire
268 1791 345 1841 non
383 1766 569 1866 potuerit,
616 1768 660 1840 ad
694 1767 807 1866 igneo
847 1792 914 1842 seu
941 1769 986 1841 ad
1019 1781 1160 1844 sortem
1203 1795 1313 1844 exeu-

152 1894 238 1943 sare
258 1870 423 1943 studeat.

659 2004 800 2078 XXXII.

257 2132 288 2200 1.
317 2125 355 2200 Si
383 2125 468 2224 quis
495 2124 644 2223 legibus
672 2126 716 2197 ad
738 2125 894 2198 mallum
923 2126 1086 2201 manitus
1115 2127 1247 2221 fuerit,
1276 2139 1314 2202 et

154 2252 228 2300 non
247 2226 412 2323 venerit,
432 2226 464 2301 si
485 2251 572 2300 eum
592 2227 724 2300 sunnis
748 2251 823 2299 non
843 2226 1073 2324 detenuerit,
1105 2230 1150 2302 15
1169 2227 1313 2303 solidus

155 2327 355 2427 culpabitis
384 2327 582 2402 iudicetur.
630 2327 687 2401 Illi
726 2353 835 2424 veru,
873 2327 935 2427 qui
963 2328 1079 2402 alium
1109 2328 1246 2424 man‘it,
1277 2340 1314 2405 et

154 2429 236 2528 ipse
261 2447 336 2504 nun
358 2429 526 2526 venerit,
555 2429 732 2504 similiter
761 2432 805 2505 15
825 2430 968 2504 solidos
995 2429 1194 2530 culpabitis
1220 2431 1314 2503 iudiss

154 2542 270 2604 cetur.

633 2750 777 2805 reone.
797 2734 838 2805 Β.

258 2872 287 2933 2.
311 2869 403 2942 Quod
434 2869 460 2929 si
489 2887 560 2928 eum
588 2887 651 2928 non
682 2869 979 2947 repraesentaverit,
1002 2868 1064 2930 tale
1091 2869 1239 2929 damnum
1262 2870 1314 2930 in-

154 2952 399 3096 eurrathrguaie
421 2951 473 3012 ttle
495 2951 652 3013 sustinere
675 2951 843 3024 debuerat,
871 2952 976 3032 quiin
999 2951 1065 3012 eius
1089 2954 1243 3033 obsequio
1266 2967 1314 3016 est

153 3054 289 3187 licupg.
323 3081 393 3181 iloe
421 3127 527 3181 autem
556 3117 788 3191 constituimus,
817 3127 849 3181 ut
872 3117 955 3181 infra
990 3139 1104 3201 pagum
1132 3121 1433 3198 attaminarent·-

152 3375 246 3447 tinet,
269 3373 321 3435 ubi
342 3382 433 3436 natus
456 3373 531 3443 tuit,
554 3373 599 3435 sie
619 3375 824 3455 respondeat.

256 3463 287 3525 4.
310 3458 405 3532 Quod
429 3458 457 3522 si
487 3458 655 3521 damnatus
678 3459 787 3531 fuerit,
817 3458 987 3520 seeundum
1017 3459 1117 3542 legem
1141 3459 1313 3540 propriam,

153 3560 215 3601 non
243 3544 415 3605 seeundum
438 3542 630 3616 Ribuariam,
654 3543 803 3605 damnum
827 3543 990 3605 sustineat.

258 3630 288 3693 5.
314 3625 409 3700 Quod
430 3627 457 3688 si
483 3626 514 3688 in
537 3627 698 3708 pruvincia
721 3627 870 3691 Ribuaria
897 3627 1055 3688 iuratores
1082 3627 1223 3688 invenire
1249 3647 1313 3689 non

153 3709 301 3791 potuerit,
323 3711 364 3772 ad
386 3710 490 3792 ignem
513 3731 568 3775 seu
591 3713 631 3775 ad
656 3719 776 3775 sortem
800 3731 835 3774 se
858 3729 1010 3774 excusare
1033 3711 1169 3773 studeat.

660 3841 805 3903 XXXiV.

602 3945 652 4004 De
676 3943 861 4006 mannire.

259 4046 287 4110 1.
320 4045 351 4108 st
382 4044 452 4126 quis
484 4044 604 4125 legibus
638 4046 677 4107 ad
714 4045 841 4109 mallum
871 4047 1029 4111 mannitus
1058 4048 1159 4122 tuerit,
1193 4055 1224 4109 et
1251 4068 1314 4110 non

152 4128 282 4203 venerit,
305 4128 331 4192 si
348 4149 418 4192 enm
442 4130 550 4192 sunnis
574 4147 636 4191 non
660 4129 845 4203 detenuerit,
870 4131 908 4198 15
921 4131 1029 4195 solidis
1048 4133 1212 4214 culpabitis
1228 4133 1314 4195 iudi-

153 4224 248 4276 cetur.
274 4214 330 4278 llle
345 4234 432 4288 veru,
455 4213 507 4296 qui
523 4214 617 4276 atium
634 4215 768 4287 mannit‚
791 4224 823 4276 et
842 4215 910 4297 ipse
930 4236 994 4279 nun
1017 4218 1148 4290 venerit,
1172 4217 1314 4280 similiter

155 4303 193 4364 ts
216 4298 324 4362 solidis
348 4299 510 4382 culpabilis
533 4298 696 4366 iudicetur.
