2956 4944
633 291 710 346 LEX
730 288 917 347 lllBUARlA.

672 485 696 538 a
715 484 817 538 cono.
837 464 877 538 Α.

192 627 347 679 eausam
366 614 636 701 prosequatur,
664 629 735 678 nec
756 604 792 676 in
810 601 992 675 iudicium
1013 602 1279 700 interpellatus
1298 628 1356 676 re-

193 729 374 803 sponsum
398 704 548 799 reddat;
578 707 633 779 15.
656 715 782 779 autem
807 728 904 776 anno
934 712 999 776 aut
1023 702 1093 800 ipsi
1118 705 1355 801 respondeat,

192 817 258 880 aut
278 806 514 879 defensorem
536 804 674 904 elegat.
712 805 897 878 Similiter
916 815 953 877 et
972 802 1060 875 filia.

689 940 860 1015 LXXXll.

298 1055 328 1123 1.
374 1050 414 1124 Si
441 1051 523 1150 quis
548 1049 749 1125 Ribuarius
778 1050 814 1122 in
836 1074 963 1124 messe
982 1048 1107 1124 aliena
1126 1050 1187 1123 vel
1207 1049 1246 1121 in
1265 1075 1357 1149 qua·

195 1173 355 1250 eumque
375 1151 468 1225 libet
487 1152 699 1227 clausuram
720 1154 899 1224 damnum
919 1151 1063 1248 fecerit,
1089 1151 1357 1225 aestimatione

195 1250 320 1325 damni
345 1252 543 1350 culpabilis
568 1249 788 1326 iudicetur*.
838 1251 879 1325 Si
913 1263 1040 1325 autem
1071 1251 1285 1349 negaverit,
1319 1263 1357 1326 et

195 1352 389 1426 convietus
419 1354 545 1448 fuerit,
574 1353 737 1453 capitale
764 1378 850 1427 cum
877 1365 1014 1452 texaga
1043 1363 1080 1426 et
1100 1353 1261 1426 dilatura
1278 1354 1358 1426 cul·

194 1454 331 1553 pabilis
352 1453 550 1528 iudicetur.

297 1553 321 1637 *)
345 1565 432 1618 ceder
450 1561 468 1616 8
486 1565 528 1619 tte
547 1567 653 1619 inserit:
673 1552 705 1614 Si
721 1559 825 1615 autem
842 1553 1003 1632 negaverit
1018 1561 1049 1613 et
1069 1551 1229 1614 convietus
1252 1552 1357 1624 fuerit,

343 1654 412 1697 eum
440 1639 476 1701 15
499 1635 606 1698 solidis
623 1635 739 1698 damno
755 1637 909 1699 restituat.
946 1636 977 1697 Si
992 1635 1062 1716 quis
1078 1638 1209 1698 absente
1224 1645 1356 1716 pastore

344 1719 499 1800 peculium
526 1719 558 1780 iu
586 1719 734 1800 perrieho
765 1720 886 1782 miserit
911 1730 942 1782 et
964 1720 1080 1799 aliquid
1106 1720 1219 1783 exinde
1243 1721 1357 1800 perdi-

344 1803 433 1875 derit,
456 1802 586 1864 similem
611 1805 762 1865 restituat.

295 1891 329 1963 2.
374 1888 413 1962 Si
442 1889 526 1987 quis
558 1890 750 1986 peculium
785 1889 822 1961 in
854 1914 981 1964 messe
1010 1890 1273 1987 adpraehenso
1308 1893 1355 1964 ad

191 1988 361 2088 parioum
388 1989 531 2063 minare
555 2015 630 2063 non
655 1990 882 2088 permiserit,
917 1995 959 2067 15
984 1991 1126 2065 solidos
1154 1991 1357 2090 culpabilis

192 2090 390 2187 iudicetur,
411 2102 476 2165 aut
495 2115 580 2166 eum
600 2095 622 2167 6
643 2092 744 2188 iurit,
764 2094 862 2189 quod
882 2093 956 2165 hoo
974 2117 1049 2165 non
1070 2092 1228 2166 fecissit.

680 2228 865 2301 LXXXlll.

298 2344 329 2412 1.
374 2338 413 2413 si
442 2337 526 2435 quis
554 2339 644 2412 baro
677 2365 743 2414 seu
768 2339 905 2413 mulier
922 2339 1095 2413 Ribuaria
1124 2338 1215 2438 per*
1240 2341 1359 2415 male·

193 2438 322 2513 ficium
342 2438 506 2537 aliquem
528 2436 787 2536 perdiderit**,
806 2440 1052 2538 weregildum
1074 2453 1271 2539 conponat.

291 2538 306 2570 ’¹‘
340 2555 494 2598 venenum
518 2554 573 2597 seu
597 2556 653 2616 per
676 2538 802 2618 aliquod
825 2554 946 2603 inserunt
964 2541 995 2604 8.
1023 2543 1069 2604 l0.

277 2620 308 2654 **
342 2626 395 2682 aut
417 2618 600 2680 interficerit
622 2633 723 2687 addunt
741 2623 770 2686 3.
794 2621 824 2686 8.
851 2623 897 2685 10.

538 2738 689 2745 -—....-—...

194 2886 318 2960 quatur,
340 2897 398 2940 nee
418 2879 450 2938 in
465 2875 580 2939 iudioio
595 2780 1015 2958 interireiliirii'ris'ponsum
1032 2879 1159 2954 reddat;
1187 2883 1233 2944 15.
1251 2888 1358 2942 autem

194 2982 279 3025 anno
313 2971 367 3025 aut
398 2963 466 3045 ipse
499 2963 704 3042 respondeat,
738 2969 790 3023 aut
820 2962 1022 3024 defensorem
1053 2962 1156 3044 eligat.
1208 2964 1361 3027 Similiter

194 3055 225 3108 et
249 3047 321 3110 filia.

689 3130 861 3192 LXXXlV.

374 3233 427 3292 De
451 3231 593 3293 damno
616 3230 654 3290 in
679 3251 808 3293 messe
831 3233 895 3292 vel
916 3231 953 3292 in
976 3231 1175 3295 clausura.

301 3339 328 3400 1.
367 3333 398 3394 Si
428 3333 496 3414 quis
519 3332 687 3395 Ribuarius
717 3333 747 3393 in
777 3352 879 3395 messe
910 3335 1011 3396 aliena
1036 3334 1084 3395 vel
1105 3335 1134 3396 in
1159 3355 1360 3419 quacumque

192 3420 268 3482 libet
294 3418 438 3480 clausura
469 3417 618 3478 damnum
648 3416 774 3489 feeerit,
808 3417 1026 3479 aestimatione
1058 3418 1163 3480 damni
1194 3421 1359 3501 culpabilis

191 3505 354 3567 iudicetur.
392 3501 422 3562 Si
447 3508 550 3562 eutem
575 3501 747 3580 negaverit,
771 3508 801 3562 et
824 3502 982 3564 convietus
1005 3501 1107 3576 fuerit,
1130 3504 1263 3583 capitale
1285 3525 1359 3568 oum

193 3589 277 3650 furto
302 3595 332 3649 et
355 3585 492 3648 dilatura
516 3583 680 3665 culpabilis
701 3584 865 3646 iudicetur.

299 3676 328 3738 2.
367 3670 397 3732 Si
425 3669 494 3751 quis
524 3669 678 3750 peculium
710 3669 812 3729 alieno
842 3667 873 3728 in
904 3687 1008 3731 messe
1037 3671 1290 3749 adpraehensum
1315 3675 1358 3735 ad

192 3755 351 3837 perrieum
375 3755 496 3816 minere
518 3774 581 3815 non
605 3753 790 3835 permiserit,
817 3756 854 3818 15
877 3752 985 3816 solidis
1009 3754 1170 3834 culpabilis
1192 3755 1360 3828 iudicetur,

193 3848 247 3901 aut
270 3859 341 3902 oum
363 3843 383 3905 6
405 3840 496 3911 iuret,
520 3837 605 3918 quod
627 3838 690 3898 hoe
712 3856 774 3898 non
798 3837 933 3899 fecisset.

696 3958 855 4020 LXXXV.

630 4059 682 4121 De
705 4060 922 4123 maleficio.

301 4166 327 4230 1.
373 4163 403 4224 Si
433 4163 504 4245 quis
528 4161 575 4223 vir
598 4180 653 4224 sou
676 4181 737 4242 qua
761 4163 872 4225 mulier
892 4161 1041 4223 Ribuaria
1072 4181 1128 4243 per
1155 4173 1359 4244 venenum,

193 4276 261 4325 seu
291 4276 360 4410 pe:n
384 4249 538 4348 aliquod
567 4263 754 4326 maleficium
784 4265 918 4347 aliquem
943 4264 1124 4346 perdiderit,
1154 4264 1358 4345 weregildum

193 4370 362 4430 conpone.
