2956 4944
604 330 826 388 PRAEFAT10.
1240 336 1277 388 29

151 509 270 586 rat)¹¹,
285 504 451 568 interdum
465 511 573 568 tamen
587 503 753 568 Heroldus
768 525 893 588 quoque
908 503 954 567 ad
969 504 1144 568 arbitrium
1157 513 1278 570 tentum

151 587 181 652 le
206 591 235 653 is
255 589 403 653 mutauit.
447 587 644 672 Euemplum
659 587 794 672 praebet
814 586 929 651 titulus
951 586 991 651 87
1015 593 1107 670 (teat.
1123 588 1182 670 Β),
1204 613 1231 654 c.
1247 588 1277 670 2,

142 612 210 738 ‚ud
231 669 396 737 Heroldus
418 671 530 735 babet:
554 692 681 817 werpus
705 672 747 735 sit
761 670 803 734 ob
818 668 880 734 hoo
895 669 1061 755 expulsus,
1082 670 1200 753 exulet,
1221 672 1278 736 ubi

151 779 216 821 oon
237 754 347 821 exulet
375 757 536 840 (quaein
560 755 650 819 nulo
673 756 783 820 codice
804 755 991 836 inuenitur)
1019 765 1129 840 aperte
1151 755 1191 819 ab
1215 755 1277 821 He·

150 840 244 905 raldo
275 840 321 905 ud
348 837 453 904 locum
481 839 574 902 illum
600 838 887 923 interpretandum
907 840 1035 902 inserta
1056 848 1112 902 est.
1154 840 1277 904 Eodem

151 924 246 990 modo
267 922 360 989 lectio
383 921 524 987 Heroldi
545 921 677 986 domino
698 923 831 1008 proprio
858 923 894 985 in
916 924 964 986 tit.
987 922 1039 1002 60,
1061 947 1088 985 c.
1111 921 1140 985 7.
1162 945 1179 987 e
1200 945 1275 988 cou-

151 1010 278 1073 iectura
301 1004 441 1071 Heroldi
465 1009 667 1091 processisse
696 1007 778 1072 mibi
805 1006 943 1071 uidetur.
989 1006 1118 1070 Titulus
1141 1007 1169 1070 1.
1194 1006 1278 1093 lepis

152 1101 284 1156 nostrae
307 1091 401 1176 apud
423 1090 604 1156 Heroldum
625 1114 698 1157 cum
720 1090 904 1175 capitulari
925 1089 1044 1153 Karoli
1058 1091 1180 1176 Mapni
1201 1113 1276 1155 con·

151 1177 253 1262 pruit.
296 1175 338 1238 ln
359 1177 550 1239 uuiversum
571 1184 679 1239 tamen
701 1174 924 1259 spectantibus
950 1174 1044 1238 nobis
1066 1173 1277 1239 Heroldiana

151 1259 251 1323 editio
283 1259 421 1323 maioris
454 1261 605 1322 momenti
663 1280 741 1323 uam
776 1256 1007 1322 Sicbardianu
1039 1279 1106 1323 esse
1138 1259 1277 1322 uidetur.

154 1341 262 1417 Quam
284 1341 322 1406 ob
344 1363 412 1405 rem
429 1341 536 1425 plura
557 1363 628 1405 ene
652 1343 754 1406 itione
769 1341 908 1406 Heroldi
929 1341 1097 1406 educturi.
1133 1339 1278 1428 Sipnuui

154 1424 335 1490 Heroldum
356 1427 393 1489 in
416 1425 502 1489 notis
523 1426 658 1489 litteris:
683 1425 772 1489 Her.

238 1506 383 1589 Tilius,
406 1510 581 1593 episcopus
597 1507 784 1589 Mddensis,
805 1510 842 1572 in
863 1507 958 1587 libro,
981 1530 1074 1607 quem
1089 1509 1276 1591 inscripsit:

152 1591 258 1658 Aurei
278 1592 550 1678 venerandaeque
572 1595 644 1657 anti
666 1593 782 1657 uitatis
796 1590 897 1656 libelli
911 1588 1061 1655 Salicum
1081 1591 1181 1677 lepem
1203 1613 1277 1656 con·

151 1680 298 1758 tinentes,
322 1699 344 1740 a
361 1675 531 1756 Clodaveo,
556 1674 617 1742 Cb‘
652 1675 756 1740 eberto
778 1685 807 1740 et
824 1674 968 1741 Clotario
991 1674 1278 1740 christianissimis

150 1761 283 1847 sepibus
299 1761 401 1845 prius
421 1760 504 1824 editi
524 1769 554 1822 et
571 1769 771 1843 postremum
794 1782 815 1823 a
832 1757 950 1826 Carolo
966 1758 1092 1845 Mapno
1115 1759 1277 1825 emendati

152 1853 181 1908 et
204 1847 304 1925 aucti,
325 1845 400 1909 item
415 1842 516 1930 Lepes
531 1843 824 1930 Burpundionum,
847 1843 1076 1923 Almanorum,
1091 1841 1275 1925 Santonum,

151 1927 412 2008 Baiwariorum,
427 1927 673 2011 Ripuariorum
694 1949 735 1992 en
756 1926 913 1991 ueteribus
935 1924 1028 1993 libris
1043 1928 1277 1992 emendatiores

150 2020 179 2074 et
201 2013 374 2091 auctiores,
395 2010 552 2092 Parisiis,
574 2032 615 2074 ea
630 2011 768 2158 <iginius
781 2011 895 2076 Jacobi
915 2012 962 2074 du
977 2010 1077 2097 Pups,
1099 2010 1158 2074 sub
1179 2012 1275 2096 sipno

151 2094 400 2175 Samaritanae,
419 2093 510 2174 1573,
524 2093 624 2180 lepem
671 2094 866 2178 'puariorum
882 2116 1006 2180 quoque
1021 2094 1134 2158 edidit.
1170 2094 1277 2158 indere

152 2179 246 2264 apud
269 2179 391 2244 Pilium
412 2177 452 2241 91
475 2177 628 2242 rubricas
658 2178 761 2258 babet,
795 2200 878 2262 quae
903 2180 942 2242 in
972 2186 1062 2240 tentu
1090 2176 1172 2263 lepis
1200 2179 1277 2263 (qui

153 2283 253 2347 aeque
274 2265 312 2326 in
334 2263 373 2326 91
397 2260 509 2325 titulos
531 2259 707 2347 diuiditur)
735 2270 937 2344 repetuntur.
983 2261 1101 2324 Tantus
1124 2257 1276 2326 Tilianus

153 2368 226 2410 eum
255 2354 345 2409 teutu
372 2343 508 2430 oulpato
538 2344 571 2408 B
602 2367 662 2408 con
687 2347 766 2408 ruit.
820 2344 990 2409 Interdum
1021 2343 1126 2408 titiis
1155 2352 1276 2410 tentum

150 2428 274 2493 codicis
306 2430 361 2492 sui
392 2428 580 2493 emendasse
608 2368 691 2493 mill·
716 2429 856 2509 uidetur,
889 2409 986 2493 veluti
1014 2450 1087 2491 cum
1114 2427 1207 2492 titulo
1235 2429 1277 2493 35

152 2520 245 2595 (teat.
261 2513 311 2593 B)
327 2511 496 2577 rubricam
510 2512 690 2577 inscribat:
712 2512 764 2578 De
779 2512 941 2576 intertiata
954 2533 999 2594 re,
1023 2533 1107 2595 quae
1128 2513 1166 2576 in
1184 2509 1276 2577 nullo

152 2598 261 2662 codice
282 2598 509 2682 manuscripto
531 2599 701 2662 invenitur
729 2597 873 2680 (codices
893 2597 1117 2679 manuscripti
1137 2595 1275 2660 babent:

149 2680 201 2745 De
216 2681 411 2762 intertisre),
433 2680 483 2745 uel
504 2704 578 2746 cum
600 2683 637 2746 in
652 2681 746 2746 titulo
761 2679 813 2763 39,
828 2705 854 2747 c.
870 2682 900 2744 3.
919 2689 997 2764 post
1018 2681 1277 2765 consumpserint

149 2765 254 2829 addat
285 2763 425 2850 aliquid,
462 2766 549 2850 quod
582 2787 683 2850 acque
715 2766 754 2828 in
785 2764 876 2829 nuto
909 2765 1018 2829 codice
1049 2765 1275 2848 manuscripto

150 2850 302 2913 oecserrit.
358 2848 452 2913 Voces
484 2849 713 2914 stanecnicas
745 2849 880 2934 saepius
915 2847 1023 2912 Pilius
1055 2849 1274 2931 corrumpisse

148 2932 231 2996 mibi
245 2933 385 3012 ridetur,
407 2931 505 2996 veluti
527 2953 599 2995 cum
621 2932 744 2995 scribat
765 2931 880 2995 trontis
902 2932 967 3012 (tit.
982 2931 1033 2993 44.
1049 2939 1124 2992 tent.
1140 2930 1181 3009 B,
1198 2953 1223 2993 c.
1236 2931 1274 3011 2)

149 3013 197 3078 vel
218 3013 389 3079 harrosida
411 3020 427 3096 (
428 3017 477 3078 tit.
493 3015 534 3078 66
535 3018 562 3094 ).
605 3013 710 3078 Plura
725 3013 914 3078 huiusmodi
932 3014 1150 3077 inueniuntur
1170 3015 1217 3080 tit.
1233 3013 1274 3078 62

148 3106 241 3178 (tent.
256 3098 316 3180 B),
339 3123 365 3162 c.
391 3100 419 3178 l,
442 3099 498 3162 ubi
515 3097 620 3161 Tilius
642 3098 737 3162 babet
758 3099 977 3162 testimoninm
1001 3102 1081 3182 (pro
1103 3104 1273 3161 testamen·

147 3186 232 3263 tum)
255 3184 302 3246 tit.
325 3181 377 3263 70,
399 3206 425 3245 c.
441 3182 471 3262 3,
493 3181 550 3245 ubi
573 3180 679 3246 Pilius
701 3182 813 3246 scribit
834 3180 1005 3266 direpserit
1021 3202 1088 3264 pro
1110 3179 1273 3262 direxerit,

148 3266 326 3332 debuerant
348 3289 414 3351 pro
441 3265 607 3351 coeperint
632 3275 689 3329 etc.
741 3265 888 3353 Sipnaui
909 3266 1082 3330 editionem
1105 3265 1274 3330 tilianam

147 3352 184 3416 in
206 3354 293 3416 notis
315 3357 435 3414 nostris
456 3349 591 3414 litteris:
616 3349 687 3419 Til.

231 3433 568 3517 Lindenbropius
605 3435 644 3498 iu
676 3456 736 3498 suo
771 3431 886 3498 Codice
919 3433 1026 3519 lepum
1058 3433 1274 3516 antiquarum

147 3518 275 3596 [Codes
296 3519 403 3605 leptim
427 3520 643 3604 antiquarum
669 3518 707 3581 in
730 3538 793 3602 quo
815 3519 1026 3583 continentur
1046 3516 1148 3601 Lepos
1176 3515 1271 3580 Wisi-

171 3603 327 3683 otborum,
357 3602 512 3666 Edictum
535 3602 730 3666 Tbeodorici
757 3625 792 3665 re
816 3604 857 3682 is,
885 3601 955 3664 Leo
976 3599 1272 3686 Burpundionum,

146 3624 216 3749 {eu
238 3684 364 3766 Salina,
386 3685 455 3748 Lea
477 3683 753 3765 Alamannorum,
821 3706 844 3747 sc
865 3685 1125 3762 Baimariorum,
1151 3682 1270 3747 Decre-

146 3777 213 3834 tum
247 3768 429 3833 Tassilouis
462 3770 567 3850 ducis,
600 3769 669 3834 Len
701 3769 956 3854 Ripuariorum,
990 3766 1059 3829 Len
1087 3765 1271 3847 Senonum,

146 3851 346 3938 Anpliorum
360 3861 389 3916 et
406 3852 620 3932 Weriuorum,
642 3854 842 3932 Frisionum,
863 3850 1171 3951 Lanpobardorum,
1189 3849 1271 3916 Con·

146 3939 330 4001 stitutiones
352 3933 487 4000 Siculae
510 3957 566 3999 seu
587 3935 843 4022 Neapolitanae,
868 3934 1061 4020 Capitulare
1083 3933 1203 3998 Karoli
1224 3933 1270 3998 M.

144 4029 173 4085 et
189 4019 381 4085 Hludouici
395 4020 503 4104 Impp.
523 4028 591 4100 etc,
614 4019 731 4106 quibus
754 4020 913 4084 accedunt
927 4018 1102 4084 Formsdac
1123 4018 1272 4083 solennes

143 4165 191 4229 22)
212 4165 367 4216 Nonnullae
385 4162 507 4215 uctioms
525 4162 725 4227 Heroldiunae,
751 4179 820 4229 quae
840 4170 929 4229 aperte
949 4178 967 4213 a
984 4161 1105 4214 codicum
1126 4158 1270 4211 traditione

140 4238 302 4305 discrepant,
322 4256 335 4290 e
354 4239 409 4289 som
428 4236 527 4288 columi
544 4237 624 4302 lapsu
643 4244 717 4289 ortae
736 4244 810 4299 sunt,
834 4233 916 4288 ueluti
933 4251 993 4286 cum
1010 4233 1148 4288 Heroldus
1167 4233 1205 4285 tit.
1225 4233 1269 4296 84,

139 4328 161 4362 c.
183 4314 207 4362 1.
226 4312 336 4364 babeat:
353 4312 430 4364 turca
449 4310 512 4377 (pro
532 4310 625 4375 furto).
