2956 4944
130 313 181 365 120
398 307 475 366 LEX
493 307 720 368 FRANCOIIUII
741 308 1016 368 CIIAMAVORUM.

646 485 764 560 XXIV.

230 604 416 704 Quidquid
436 605 622 702 involant,
647 609 670 680 9
690 605 823 704 geldcs
843 627 1071 702 componere
1091 603 1217 700 iaciat,
1245 616 1284 678 ct

129 707 175 780 de
196 730 423 804 unoquoque
440 704 641 780 latrocinio
662 705 699 778 in
719 704 910 780 dominico
931 705 1036 778 fredo
1056 704 1200 780 solidos
1220 708 1256 779 4.

650 861 754 934 XXV.

229 979 414 1094 Quicquid
430 978 468 1051 in
484 1004 572 1053 casa
587 978 781 1077 iuraverit,
797 979 835 1052 in
847 978 997 1055 wirdira
1011 979 1153 1053 solidos
1164 984 1198 1051 7.
1227 978 1283 1052 De

128 1080 318 1155 warnicne
333 1106 370 1152 in
385 1079 533 1154 wirdira
550 1079 692 1154 solidos
709 1086 743 1154 7.
779 1079 836 1153 De
856 1080 1014 1179 spadatc
1031 1078 1176 1152 caballo
1192 1078 1284 1152 scli-

129 1181 197 1254 dos
217 1187 250 1255 7.
295 1181 481 1254 Descrvc
507 1181 652 1256 solidos
678 1188 712 1255 7.
749 1180 806 1255 Dc
832 1191 940 1279 spata
960 1186 994 1254 7.
1037 1178 1093 1253 De
1113 1179 1284 1254 iumenta

128 1280 273 1356 solidos
292 1287 326 1356 4.
361 1280 418 1355 De
436 1282 531 1355 bove
551 1282 692 1355 solidos
711 1284 746 1357 2.
782 1280 838 1356 De
857 1305 972 1355 vacca
991 1280 1135 1355 solidos
1156 1283 1190 1356 2.
1227 1280 1283 1353 De

128 1382 255 1482 porcis
275 1394 313 1457 et
331 1382 503 1456 vervecis
519 1393 558 1456 ct
576 1382 804 1456 animalibus
824 1381 1021 1456 iuvenibus
1037 1391 1075 1456 et
1093 1381 1139 1455 de
1159 1381 1283 1480 capris

128 1482 286 1559 terciam
300 1493 448 1581 partem
463 1493 645 1582 quantum
659 1482 761 1557 valet
776 1482 812 1555 in
825 1482 986 1557 wirdira.

648 1638 770 1711 XXVI.

229 1757 415 1856 Quicquid
431 1757 469 1830 in
483 1755 648 1831 Amore*
667 1757 704 1829 in
719 1756 881 1830 alterum
894 1756 1061 1829 furatum
1075 1757 1228 1852 hubent³
1243 1755 1283 1828 in

130 1858 223 1930 duos
236 1856 369 1956 geIdcs
380 1882 608 1956 componere
618 1857 746 1956 faciat,
757 1857 795 1929 in
808 1857 958 1932 wirdira
973 1856 1106 1932 uncias
1121 1857 1229 1953 duas,
1244 1857 1284 1929 iu

129 1958 237 2032 fredo
253 1957 396 2034 solidos
410 1962 446 2033 4.

246 2057 272 2142 *)
294 2056 445 2121 Ammorc
465 2071 493 2125 2.

638 2143 777 2217 XXVII.

231 2264 277 2337 Et
294 2263 469 2363 quicquid
484 2264 521 2336 in
535 2264 693 2337 Mashau
709 2262 904 2359 iuraverit,
924 2261 1017 2334 duos
1030 2260 1164 2358 geldos
1184 2285 1286 2334 ccm-

129 2389 273 2463 poncre
288 2364 416 2463 faciat,
433 2364 471 2437 in
484 2364 634 2439 wirdira
647 2364 777 2439 uncias
792 2364 897 2461 duas,
916 2362 954 2435 in
970 2363 1076 2437 fredo
1091 2360 1283 2436 dominico

132 2465 331 2539 mmcd

631 2565 786 2639 XXVIII.

232 2682 417 2781 Quicquid
434 2684 471 2757 in
486 2682 650 2758 Amore*
663 2683 691 2756 F
693 2682 864 2758 rosiones
880 2682 1018 2758 iniuste
1033 2681 1200 2779 tulerint,
1215 2707 1285 2781 per

132 2783 233 2858 aliud
253 2796 400 2859 tantum
420 2809 649 2885 componere
667 2784 794 2882 faciat,
814 2783 851 2859 in
871 2786 978 2859 fredo
998 2783 1142 2858 solidos
1161 2787 1196 2858 4.

247 2883 273 2969 *I
296 2885 479 2948 Ammorcm
500 2896 527 2955 2.

645 3041 769 3116 XXIII.

232 3161 417 3261 Quicquid
432 3160 603 3236 Saxones
620 3172 749 3235 contra
762 3171 909 3237 rectum
923 3158 1090 3257 tulerint,
1104 3184 1191 3234 cum
1208 3159 1287 3245 alic

107 3354 111 3360 ‚
131 3274 278 3337 tantum
292 3287 380 3338 cum
396 3263 598 3336 emendare
612 3262 745 3360 faciat7
764 3262 801 3336 in
820 3262 926 3337 fredo
946 3260 1090 3336 solidos
1109 3266 1144 3337 4.

660 3429 765 3502 ΧΧΧ.

234 3545 274 3620 Si
295 3546 379 3646 quis
400 3545 496 3619 infra
515 3571 659 3646 pagum
676 3547 865 3621 latronem
886 3543 1228 3647 comprehenderit,
1249 3554 1290 3618 et

135 3657 222 3721 ante
241 3646 349 3721 illum
369 3647 549 3721 comitem
568 3672 656 3721 eum
677 3674 753 3723 non
771 3648 969 3722 adduxerit
987 3659 1052 3722 aut
1069 3658 1155 3721 ante
1175 3669 1288 3721 suum

137 3748 410 3846 centenairum‚
429 3748 572 3824 solidos
590 3752 639 3826 60
658 3752 888 3850 componere
906 3749 1033 3824 faciat.

654 3930 775 4006 XXXI.

237 4048 279 4122 Si
308 4050 390 4149 quis
415 4050 600 4126 latronem
630 4050 764 4126 viderit
792 4075 878 4123 cum
903 4050 1004 4122 furtu
1032 4045 1292 4121 ambulantem

139 4163 176 4225 et
202 4151 398 4252 cognitum
416 4178 492 4227 non
511 4153 664 4250 iecerit,
694 4152 731 4226 in
754 4152 859 4226 fredo
886 4149 1076 4224 dominico
1104 4147 1247 4221 solidos
1267 4150 1291 4221 4

137 4252 287 4328 solvere
303 4253 428 4327 iaciat.
