2956 4944
542 323 617 381 LEX
638 322 826 381 stultulus.
1229 325 1264 376 57

596 519 620 572 s
639 519 740 574 cocu.
759 500 799 573 A.

106 651 221 714 cetur.
258 639 298 714 Si
333 600 461 712 auteni
489 637 597 736 regio
627 647 692 711 aut
717 637 980 712 ecclesiastico
1000 638 1155 712 homine
1191 639 1265 712 hoc

104 741 249 837 fecerit,
268 740 325 814 bis
345 743 368 816 9
388 738 532 815 solidos
553 739 755 839 culpabilis
775 739 973 815 iudicetur.

205 961 311 1050 Quod
340 960 372 1035 si
401 984 534 1036 servus
562 859 805 1035 seriiissiiictu
834 985 905 1034 uno
935 960 994 1033 vel
1022 960 1167 1034 duobus
1195 983 1263 1034 seu

103 1061 223 1136 tribus
242 1063 486 1162 percusserit,
512 1061 607 1135 nihil
628 1074 697 1137 est.
734 1061 808 1138 Sed
836 1073 962 1135 tamen
984 1071 1138 1159 propter
1157 1061 1264 1159 pacis

104 1163 273 1237 studium
293 1162 497 1238 tremisse*
517 1175 717 1262 conponat.
752 1187 755 1191 ’

208 1281 233 1364 *t
256 1281 288 1342 id
312 1288 385 1342 sunt
407 1283 426 1345 4
449 1279 597 1342 denarios
622 1293 723 1345 addunt
744 1281 774 1344 9.
799 1281 848 1344 10.

205 1502 246 1576 Si
272 1514 401 1577 autem
428 1527 561 1577 servus
595 1526 749 1577 servum
782 1505 1007 1601 sauguinem
1036 1501 1262 1576 effusionem

102 1603 250 1698 fecerit,
268 1604 387 1679 tercio
407 1603 580 1678 demedio
600 1604 722 1678 solido
743 1602 943 1702 culpabilis
963 1602 1161 1677 iudicetur.

204 1824 243 1900 si
267 1850 355 1900 osso
376 1825 410 1899 ei
430 1824 598 1924 frigerit‚
630 1723 813 1899 iiiiiiidos
839 1823 1039 1922 culpabilis
1062 1822 1260 1898 iudicetur.

621 1944 742 2019 XXVI.

204 2046 310 2134 Quod
326 2048 358 2121 si
375 2046 540 2141 oculum,
551 2044 773 2143 auriculam,
784 2070 933 2139 nasum,
944 2070 1110 2140 manuni,
1125 2047 1262 2145 pedem

103 2150 327 2245 excusserit,
346 2147 402 2222 bis
422 2153 445 2222 9
464 2146 607 2222 solidos
635 2147 811 2221 dominus
839 2145 921 2220 eius
949 2145 1147 2243 culpabilis
1168 2146 1264 2218 iudi·

102 2248 243 2322 cetur*.

223 2349 248 2432 *)
272 2355 325 2409 aut
349 2366 419 2409 cum
442 2349 462 2413 6
484 2345 566 2406 iuret
587 2358 689 2412 adduct
705 2348 735 2410 6.
752 2349 781 2409 7.

576 2549 722 2607 ucoca.
744 2533 787 2605 B.

102 2683 157 2739 aut
179 2673 392 2736 ecclesiastico
415 2671 537 2734 homini
559 2671 622 2733 hoc
643 2669 766 2745 fecerit,
799 2672 837 2737 18
859 2671 968 2733 solidis
992 2670 1154 2753 culpabitis
1176 2672 1260 2735 iudi-

101 2770 199 2824 cetur.

622 2840 735 2901 xxltt.

384 2943 433 3003 De
457 2944 534 3003 ictu
558 2960 765 3004 servorum
788 2941 827 3001 iu
851 2960 984 3004 servo.

205 3047 297 3122 Quod
327 3050 352 3110 si
382 3064 491 3108 servus
514 3063 639 3106 servum
667 3043 728 3105 ictu
760 3063 822 3104 uuo
851 3043 900 3104 vel
930 3044 1053 3106 duobus
1082 3063 1137 3106 scu
1164 3043 1261 3106 tribus

99 3133 302 3216 percusserit,
326 3129 404 3193 nihil
426 3137 483 3191 est.
538 3129 598 3191 Sed
630 3137 734 3190 tamen
763 3134 894 3210 propter
920 3127 1007 3209 pacis
1034 3128 1169 3191 studium
1193 3136 1263 3192 tre·

99 3235 237 3309 missam,
260 3218 295 3291 id
317 3228 376 3294 est
394 3220 417 3291 4
436 3214 617 3313 dinam,
645 3240 813 3313 conponat.

625 3352 739 3415 xxtv.

223 3459 276 3519 De
299 3456 504 3538 sanguinis
528 3455 739 3520 effusione
762 3474 959 3518 servorum
984 3475 1001 3516 a
1024 3472 1152 3516 servo.

206 3561 235 3622 Si
260 3569 364 3622 autem
387 3580 497 3622 servus
520 3579 611 3621 servo
634 3558 794 3639 sanguinis
817 3557 1001 3621 effusionem
1024 3556 1144 3635 facerit,
1170 3558 1262 3620 tertio

101 3644 240 3708 dimedio
263 3644 366 3707 solido
389 3643 552 3725 culpabilis
572 3643 737 3706 iudicetur.

635 3764 736 3826 XXV.

310 3869 362 3930 De
386 3886 473 3930 osse
495 3868 627 3929 fracto
650 3885 851 3929 servorum
875 3885 892 3927 a
916 3883 1041 3927 servo.

204 3971 236 4034 Si
259 3991 296 4035 us
319 3971 348 4033 ci
370 3970 507 4052 fregerit,
534 3977 552 4035 5
576 3969 685 4033 solidis
709 3969 871 4050 culpabilis
894 3967 1059 4030 iudicetur.

622 4091 737 4154 XXVI.

392 4197 443 4257 De
465 4193 738 4257 debilitatibus
760 4211 975 4258 servorum.

204 4299 297 4374 Quod
313 4299 339 4362 si
355 4299 490 4372 oculum,
506 4297 690 4372 auriculam,
705 4315 827 4373 nasum,
849 4314 988 4370 manum,
1009 4295 1122 4378 pedem
1146 4311 1262 4355 exous*

98 4384 184 4462 serit,
210 4388 248 4451 18
269 4383 377 4447 solidis
400 4384 546 4447 dominus
569 4383 636 4446 eius
659 4381 821 4464 culpabitis
843 4380 1007 4443 iudicetur.
