2956 4944
677 297 754 354 LEX
774 296 962 354 RlllUAth.

717 491 741 545 a
760 490 861 546 cono.
881 472 921 545 A.

236 609 499 685 venationibus
529 610 588 684 vel
616 612 662 684 de
689 610 974 707 piscationibus,
1004 608 1193 708 quianon
1220 632 1282 682 res
1311 632 1400 707 pos·

237 736 365 825 sessa,
392 713 458 785 sed
486 712 532 785 de
568 711 673 810 ligna
709 711 844 810 agitur.
896 714 970 784 Aut
997 711 1030 784 si
1059 710 1275 810 negaverit,
1311 733 1400 782 cum

236 825 313 887 tres
333 812 433 885 rurit.

733 911 902 985 LXXVll.

136 1068 160 1112 ρ.
176 1049 227 1100 toa.
337 1031 375 1106 Si
407 1031 491 1129 quis
519 1030 713 1105 hominem
737 1055 850 1128 super
876 1056 937 1106 res
961 1056 1049 1106 suas
1069 1027 1401 1130 conprehenderit,

239 1142 276 1207 et
295 1155 382 1205 eum
401 1131 523 1232 ligare
542 1131 725 1228 voluerit,
755 1143 820 1205 aut
843 1157 960 1230 super
986 1156 1160 1228 uxorem,
1191 1141 1256 1204 aut
1282 1153 1402 1228 super

237 1231 373 1327 filiam,
400 1232 460 1307 vel
486 1232 547 1305 his
577 1232 787 1329 similibus,
815 1242 853 1306 et
877 1258 952 1306 non
977 1231 1233 1331 praevaluerit
1252 1231 1400 1330 legare,

238 1334 303 1407 sed
331 1332 482 1406 colebus
509 1333 544 1407 ei
573 1333 798 1430 excesserit,
827 1345 864 1407 et
892 1358 979 1408 eum
1005 1332 1244 1426 interficerit,
1270 1356 1400 1406 coram

237 1433 397 1509 testibus
424 1434 462 1506 in
488 1435 696 1532 quadruvio
717 1435 755 1507 in
775 1435 864 1508 clita
885 1460 970 1508 eum
989 1435 1116 1509 levare
1136 1437 1259 1527 debet,
1285 1444 1324 1506 et
1342 1433 1402 1507 sic

237 1538 286 1609 40
314 1560 381 1610 seu
413 1540 457 1609 14
486 1547 617 1611 noctes
655 1535 866 1632 custodire,
903 1547 941 1610 et
967 1546 1056 1610 tunc
1083 1546 1170 1609 ante
1206 1534 1332 1607 iudice
1360 1533 1400 1605 in

235 1637 352 1710 harao
389 1635 573 1732 eoniurit,
610 1640 708 1735 quod
737 1662 824 1710 eum
862 1639 909 1711 de
941 1637 1018 1711 vita
1050 1637 1252 1710 forfactum
1284 1635 1402 1709 inter·

236 1737 404 1811 fecisset.
441 1736 507 1810 Sin
534 1749 662 1812 autem
688 1737 760 1812 ista
786 1763 861 1810 non
888 1738 1171 1835 adimpleverit,
1199 1735 1400 1810 homicidii

238 1836 434 1935 culpabilis
461 1838 656 1911 iudicetur.
705 1840 781 1911 Aut
806 1839 837 1911 si
866 1838 1081 1937 negaverit,
1110 1863 1196 1913 cum
1221 1837 1400 1937 legitimo

236 1963 393 2013 numero
414 1938 523 2035 iuret,
544 1942 642 2037 quod
661 1940 735 2012 hoo
753 1964 827 2013 non
848 1940 1011 2013 fecisset.

723 2095 909 2169 LXXVlll.

339 2212 379 2286 Si
396 2214 481 2312 quis
496 2215 670 2287 furonem
687 2214 724 2288 in
740 2217 851 2288 domo
867 2215 1066 2313 reciperet,
1081 2214 1142 2288 vel
1158 2213 1192 2288 ei
1208 2212 1402 2311 ospicium

239 2339 306 2388 seu
324 2315 467 2388 victum
490 2314 735 2413 praestiterit,
755 2318 844 2389 dum
868 2324 943 2390 res*
952 2315 1096 2390 alienas
1112 2314 1305 2408 furaverit,
1325 2314 1402 2413 ipsi

244 2535 448 2543 ————-.-.—
794 2537 896 2544 a*
904 2539 965 2544 -—
972 2539 1010 2544 -..
1031 2536 1405 2546 ⁴.-.-—-—---...—--—

721 2718 743 2770 a
762 2715 863 2772 corn.
883 2700 925 2772 B.

239 2852 290 2897 res
320 2842 469 2916 possessa
499 2842 560 2907 est,
591 2834 646 2896 sod
675 2837 715 2896 dc
737 2835 820 2916 ligna
847 2835 957 2916 agitur.
1000 2837 1059 2898 Aut
1081 2836 1107 2897 si
1129 2835 1308 2916 negaverit,
1330 2855 1403 2898 cum

240 2920 259 2984 3
280 2919 370 2982 iuret.

136 3039 160 3080 ρ.
177 3020 229 3071 263.
750 3003 894 3066 LXXIX.

569 3107 621 3165 De
642 3105 803 3170 homine
825 3105 1069 3168 furbattudo.

344 3206 375 3266 Si
399 3206 467 3288 quis
485 3206 647 3269 hominem
663 3227 759 3289 super
773 3209 868 3268 rebus
885 3207 948 3270 suis
964 3206 1260 3289 conpraehenderit,
1283 3216 1404 3270 etcum

239 3289 337 3371 ligare
351 3291 495 3364 voluerit,
518 3299 571 3352 aut
591 3310 686 3372 super
701 3309 843 3364 uxorem,
866 3310 923 3353 seu
937 3311 1033 3372 super
1050 3291 1156 3365 liliam,
1178 3291 1230 3368 vel
1244 3291 1294 3354 his
1310 3292 1405 3353 simi-

239 3373 331 3448 libus,
355 3381 386 3436 et
408 3393 470 3436 non
494 3374 708 3455 praevaluerit
728 3375 837 3456 ligare,
867 3377 923 3439 sed
951 3377 1140 3457 procolcbus
1171 3375 1200 3437 ei
1222 3377 1404 3449 excesserit,

242 3464 274 3521 et
302 3478 373 3520 eum
400 3458 595 3531 interficerit,
627 3478 735 3520 coram
765 3459 894 3520 testibus
917 3460 949 3520 iu
972 3460 1148 3541 quadruvio
1170 3460 1202 3521 in
1225 3459 1306 3520 olida
1331 3479 1404 3522 eum

242 3543 348 3605 levare
370 3543 480 3617 debet,
509 3552 539 3604 ct
561 3542 606 3605 sic
628 3545 669 3609 40
693 3563 748 3605 seu
771 3544 1019 3623 quattuordecim
1043 3551 1153 3605 noctes
1176 3543 1349 3617 custodire,
1373 3554 1406 3608 et

241 3637 314 3689 tunc
335 3636 407 3690 ante
429 3627 562 3689 iudicem
581 3627 613 3688 in
629 3629 730 3690 araho
746 3627 898 3699 coniuret,
914 3628 998 3708 quod
1015 3648 1084 3690 eum
1101 3629 1141 3689 de
1157 3628 1220 3690 vita
1236 3627 1405 3691 forfactum

241 3711 461 3775 interfecisset.
504 3712 556 3772 Sin
588 3719 692 3774 autem
721 3713 780 3774 ista
804 3730 867 3773 non
891 3711 1119 3793 adimpleverit,
1148 3711 1308 3774 homicidii
1333 3713 1407 3775 cul-

243 3795 354 3877 pabilis
374 3796 538 3858 iudicetur.
583 3799 643 3857 Aut
665 3796 691 3858 si
713 3797 884 3879 negaverit,
906 3815 975 3857 cum
998 3796 1136 3879 legitimo
1157 3816 1289 3858 numero
1312 3797 1406 3872 iuret,

243 3880 328 3960 quod
350 3881 412 3942 hoc
435 3899 498 3941 nou
522 3880 655 3943 fecisset.

757 3965 887 4026 LXXX.

432 4067 484 4128 De
508 4086 553 4128 eo
577 4067 639 4147 qui
662 4067 790 4129 furem
812 4068 850 4128 in
875 4070 986 4129 domo
1011 4067 1219 4148 reciperit.

349 4167 381 4228 si
411 4169 479 4250 quis
509 4169 610 4230 furem
642 4171 672 4230 in
704 4171 800 4231 domo
827 4169 980 4251 reciperit,
1010 4169 1060 4231 vel
1090 4169 1118 4231 ei
1146 4169 1317 4249 hospitium
1347 4189 1408 4232 seu

244 4253 357 4315 victum
384 4253 587 4333 praestiterit,
617 4255 691 4315 dum
714 4274 766 4316 res
789 4254 908 4316 alienas
930 4255 1052 4315 furatus
1074 4252 1177 4326 fuerit,
1205 4253 1273 4336 ipse
1295 4252 1409 4318 similis
