2956 4944
661 325 738 382 tex
756 323 942 382 utentum.

700 517 845 574 rconn.
865 500 904 574 Α.

322 639 355 713 2.
383 637 422 712 Si
441 649 569 712 autem
590 639 675 738 quis
694 638 909 736 proximum
929 638 1126 737 sanguinis
1145 636 1383 735 interficerit,

221 738 283 812 vel
298 738 485 814 incestum
502 739 769 835 commisserit,
786 739 900 815 exilio
917 739 1117 836 susteniat,
1128 749 1167 813 et
1181 763 1314 814 omnes
1329 739 1382 815 ris

223 864 312 915 suas
331 838 422 915 fisco
443 852 674 916 censeantur.

123 962 213 1019 nau.
752 958 855 1032 LXX.

328 1086 359 1152 1.
404 1075 446 1150 si
475 1077 559 1176 quis
584 1078 700 1152 homo
728 1101 748 1150 a
773 1077 878 1174 ligno
906 1102 975 1153 seu
1004 1102 1025 1151 a
1054 1077 1223 1177 quolibet
1252 1103 1383 1152 manu-

224 1177 351 1251 factile
384 1177 500 1252 luerit
536 1177 776 1274 interiectus,
814 1203 889 1252 non
921 1179 1110 1274 solvatur,
1141 1178 1212 1252 nisi
1244 1180 1384 1253 fortem

225 1277 309 1377 quis
336 1290 530 1354 auctorem
556 1278 834 1354 interiectionis
862 1281 899 1352 in
927 1304 1017 1355 usos
1039 1279 1213 1378 proprios
1233 1281 1385 1354 adsum·

224 1378 356 1478 pserit,
374 1391 465 1454 tunc
484 1382 625 1480 absque
644 1380 740 1454 irido
761 1380 960 1478 culpabilis
981 1381 1177 1454 iudicetur.

326 1483 360 1555 2.
405 1480 446 1554 Si
466 1492 593 1556 autern
614 1482 698 1581 quis
716 1483 858 1556 fossam
877 1481 939 1555 vel
957 1492 1114 1581 puteum
1136 1480 1289 1577 lecerit,
1316 1506 1384 1554 seu

224 1581 360 1679 pedica
379 1582 440 1657 vel
461 1582 597 1657 balista
617 1583 767 1656 incaute
780 1582 964 1679 posuerit,
983 1594 1021 1657 et
1035 1582 1174 1656 ibidem
1188 1581 1386 1655 hominem

225 1682 285 1756 vel
304 1707 421 1780 pecus
439 1683 695 1758 debilitaverit
720 1683 781 1756 vel
807 1682 1046 1778 interficerit,
1071 1707 1223 1757 omnem
1246 1707 1388 1798 conpo-

225 1783 422 1878 sitionem,
447 1783 547 1858 sicut
564 1784 626 1858 lex
651 1783 817 1858 contenit
834 1784 1011 1858 Ribuaria
1023 1782 1262 1883 ,culpabilis
1289 1783 1388 1857 iudi-

228 1895 344 1957 cetur.
380 1884 502 1957 Aut
472 1909 503 1958 st
523 1885 733 2000 negaverit
753 1909 837 1958 eum
857 1885 1030 1984 legitimo
1051 1909 1208 1959 numero
1229 1884 1330 1958 iurit.

329 1988 363 2059 3.
402 1985 568 2074 Quod
537 2011 570 2060 si
597 1987 635 2059 in
660 2010 794 2083 sepem
821 1986 961 2060 animal
989 1986 1229 2086 inpalaverit,
1258 1996 1295 2060 et
1314 1985 1386 2085 ipsi

226 2109 337 2184 sepes
364 2086 591 2161 mentonalis
610 2114 685 2160 non
704 2087 838 2181 luerit,
866 2088 1040 2162 dominus
1059 2088 1161 2185 sepis
1180 2087 1389 2162 interfecti·

228 2211 339 2261 onem
358 2212 425 2261 seu
446 2187 681 2263 debilitatem
700 2214 755 2263 rer
747 2142 975 2287 culpabilis
995 2186 1218 2262 iudicetur*.

331 2285 355 2368 *l
379 2301 468 2433 eodelr·
487 2297 518 2350 11
541 2300 631 2354 addit:
653 2294 707 2350 aut
729 2287 755 2350 si
786 2288 960 2371 negaverit,
990 2307 1059 2350 cum
1089 2287 1227 2369 legitimo
1250 2305 1387 2349 numero

376 2389 445 2431 rure

328 2460 361 2528 4.
407 2455 446 2529 si
473 2466 599 2530 autem
631 2458 737 2555 virga
766 2458 933 2533 deforis
968 2483 1060 2556 sepe
1090 2458 1237 2530 incaute
1269 2455 1388 2531 missa

703 2703 846 2760 eccon.
865 2688 907 2759 B.

332 2822 361 2883 2.
406 2819 436 2882 si
467 2826 572 2882 autem
603 2821 673 2903 quis
702 2823 878 2904 proximum
909 2823 1069 2906 sanguinis
1101 2823 1304 2894 interfecerit,
1339 2821 1392 2882 vel

226 2902 378 2966 incestum
404 2905 605 2979 commiserit,
628 2906 753 2969 exilium
778 2909 941 2983 sustineat,
965 2915 996 2969 et
1018 2926 1129 2971 omnes
1151 2927 1203 2969 res
1227 2906 1292 2968 eius
1308 2904 1390 2968 {isco

228 2994 426 3052 censeantur.

124 3097 146 3140 r·
162 3078 217 3129 ²5⁹·
746 3075 871 3138 LXXll.

472 3177 526 3235 De
547 3174 710 3238 homine
734 3197 752 3239 a
775 3178 884 3260 ligno
907 3178 1141 3238 interiecto.

336 3277 361 3340 l.
399 3275 430 3337 Si
452 3277 521 3358 quis
543 3276 641 3339 homo
665 3299 683 3341 a
705 3278 790 3378 ligno
810 3298 866 3340 seu
882 3278 1066 3377 aliquolibet
1081 3277 1280 3339 manufactile
1296 3277 1393 3340 luerit

225 3359 417 3433 interiectus,
441 3380 504 3422 non
528 3362 688 3437 solvatur;
710 3363 769 3423 nisi
792 3362 876 3425 lorte
899 3364 967 3444 quis
984 3369 1144 3424 auctorem
1159 3360 1390 3424 interiectionis

226 3444 257 3504 in
281 3463 355 3504 usos
378 3445 524 3526 proprios
547 3445 767 3528 adsumpserit,
790 3454 863 3508 tune
881 3450 1002 3528 absque
1016 3446 1106 3506 iredo
1123 3443 1285 3525 culpabilis
1301 3445 1392 3507 iudi-

228 3535 326 3590 cetur.

333 3616 363 3677 2.
398 3613 429 3674 Si
452 3619 557 3675 autem
581 3613 649 3694 quis
672 3613 792 3675 lessam
816 3616 864 3675 vel
887 3621 1014 3695 puteum
1030 3614 1149 3688 fecerit,
1172 3633 1227 3673 seu
1243 3614 1392 3693 pedicam

227 3696 277 3756 vel
307 3695 465 3759 ballistam
493 3700 617 3759 incaute
645 3698 801 3779 posuerit,
831 3706 862 3758 et
891 3697 1006 3758 ibidem
1029 3699 1190 3760 hominem
1214 3696 1262 3758 vel
1291 3716 1391 3777 pecus

229 3780 438 3843 debilitaverit
466 3783 515 3842 vel
544 3782 744 3855 interfecerit,
767 3800 861 3843 omne
883 3782 1110 3862 conpositione,
1134 3782 1213 3845 sicut
1233 3780 1284 3842 lex
1306 3800 1391 3842 con-

228 3865 305 3925 tinet
337 3865 504 3938 Ribuaria,
539 3866 701 3947 culpabilis
733 3866 896 3929 iudicetur.
949 3868 1011 3928 Aut
1043 3868 1069 3928 si
1102 3865 1284 3947 negaverit,
1318 3884 1391 3926 cum

228 3947 366 4030 legitimo
390 3968 523 4013 numero
545 3950 636 4013 iuret.

334 4035 364 4098 3.
402 4034 494 4107 Quod
518 4035 595 4096 siin
618 4053 747 4116 saepem
771 4036 888 4098 animal
909 4036 1105 4115 inpalaverit,
1133 4035 1253 4115 etipsa
1276 4051 1392 4114 saepes

229 4118 417 4180 mentonalis
439 4138 502 4180 non
525 4119 627 4193 luerit,
651 4119 796 4181 dominus
819 4120 923 4202 saepis
946 4121 1171 4182 interiectionis
1194 4137 1250 4179 seu
1274 4117 1394 4180 debili-

230 4202 301 4263 tatis
323 4221 396 4264 reus
420 4202 582 4283 culpabilis
603 4204 768 4266 iudicetur.

334 4291 364 4353 4.
401 4287 431 4350 Si
455 4297 559 4349 autem
581 4289 669 4369 virga
692 4289 732 4349 de
755 4288 832 4350 loris
855 4307 952 4369 saepe
972 4290 1095 4350 incaute
1123 4287 1219 4349 missa
1241 4285 1337 4347 luerit
1359 4293 1395 4350 et
