2956 4944
535 311 610 367 tux
629 309 816 368 urnulam.

582 505 603 558 a
622 504 724 559 corn.
743 487 782 560 A.

98 623 223 696 alieno
246 625 444 722 negotium
467 624 583 697 faciat
601 624 661 698 vel
682 626 1016 699 commutationem
1039 629 1163 701 facere
1183 652 1256 700 non

99 735 329 823 praesumat,
357 749 428 798 nec
451 724 487 797 ei
506 725 624 799 ullam
645 725 1012 801 commendationem
1033 727 1094 801 vel
1114 739 1258 801 contra-

98 825 258 899 dicionis
283 826 410 920 faciat,
438 851 508 900 nec
536 851 557 898 a
585 850 694 900 servo
724 828 925 926 quisquam
954 831 1256 902 commendatam

98 926 159 998 vel
184 927 359 1000 traditam
386 952 467 1000 rem
495 926 668 1025 accipiat.
713 927 753 1000 Si
783 929 866 1026 quis
895 940 1022 1002 autem
1051 930 1264 1027 posthaec

97 1026 367 1101 divinicionem
392 1053 544 1101 servum
572 1028 711 1129 aliquid
741 1031 1006 1103 commendare
1038 1055 1258 1129 praesump-

97 1128 202 1224 serit,
226 1128 321 1201 nihil
347 1128 517 1226 recipiat,
547 1139 584 1202 et
603 1129 778 1204 dominus
799 1131 880 1205 eius
910 1156 955 1204 ex
978 1132 1053 1204 hoc
1077 1134 1257 1206 innocens

95 1231 289 1303 habeatur.
340 1229 525 1303 Similiter
549 1232 594 1302 de
617 1255 736 1328 puero
763 1232 821 1305 vel
848 1232 893 1303 de
919 1232 1077 1305 muliere
1102 1233 1258 1307 alterius

24 1362 27 1368 ⁴
98 1330 374 1403 constituimus.
609 1429 732 1502 LXXV

196 1547 236 1623 Si
265 1547 350 1646 quis
370 1548 579 1643 caballum,
606 1549 824 1643 hominem,
851 1550 912 1623 vel
933 1550 1101 1646 qualibet
1117 1576 1197 1624 rem
1219 1553 1255 1624 in

96 1648 156 1723 via
170 1648 406 1747 propriserit,
428 1660 494 1723 aut
515 1675 602 1723 eum
618 1661 771 1724 secutus
788 1650 913 1744 fuerit,
933 1675 1001 1748 per
1014 1663 1092 1726 tres
1108 1677 1256 1728 marcas

95 1749 219 1846 ipsum
246 1753 440 1845 ostendat,
466 1762 503 1824 et
527 1751 581 1825 sic
609 1762 739 1850 postea
767 1754 811 1824 ad
831 1777 944 1853 reges
964 1752 1148 1826 stafflum.
1189 1755 1254 1828 Sin

96 1862 222 1927 autem
249 1852 362 1927 aliter
387 1851 523 1952 egerit,
551 1854 611 1926 fur
630 1853 855 1927 iudicandus
875 1864 943 1928 est.
982 1854 1087 1942 Quod
1118 1855 1254 1954 siquis

95 1952 283 2026 latronum
304 1953 447 2052 aliquid
467 1953 622 2049 tullerit,
643 1954 821 2029 similiter
840 1955 964 2028 faciat.

598 2092 748 2163 LXXVI.

194 2208 233 2281 Si
270 2208 352 2304 quis
379 2207 580 2282 Ribuarius
616 2208 653 2281 in
682 2208 777 2282 silva
810 2232 1011 2282 commune
1046 2234 1113 2283 seu
1141 2235 1256 2308 reges

94 2309 154 2382 vel
192 2308 353 2383 alicuius
390 2308 564 2383 locadam
609 2309 857 2383 materiamen
902 2308 961 2383 vel
997 2309 1103 2406 ligna
1138 2310 1254 2386 linata

93 2409 312 2503 abstulerit,
349 2415 393 2486 15
421 2409 564 2483 solidos
594 2411 793 2506 culpabilis
825 2410 1031 2506 iudicetur2
1073 2411 1171 2485 sicut
1207 2415 1254 2488 de

572 2620 596 2674 a
615 2620 716 2676 conn.
735 2603 778 2676 B.

91 2736 166 2797 tium
196 2736 292 2799 saciat
313 2737 361 2798 vel
385 2739 661 2799 commutationem
684 2740 790 2800 lacere
813 2748 1004 2820 praesumat,
1027 2758 1085 2800 nec
1107 2739 1134 2800 ei
1157 2740 1251 2802 ullam

92 2821 399 2882 commendationem
429 2821 478 2881 vel
500 2821 699 2882 traditionem
721 2822 826 2894 laciat,
850 2842 907 2884 nec
930 2842 947 2883 a
971 2841 1064 2883 servo
1086 2823 1252 2904 quisquam

91 2905 342 2965 commendatam
376 2904 423 2963 vel
454 2904 600 2964 traditam
626 2924 693 2965 rem
719 2906 860 2986 accipiat.
904 2905 936 2965 Si
959 2905 1028 2985 quis
1052 2914 1157 2967 autern
1181 2915 1253 2988 post

90 2985 173 3048 hane
209 2985 426 3048 definitionem
464 3005 555 3048 servo
589 2987 705 3069 aliquid
740 2990 963 3051 commendare
995 2991 1252 3071 praesumpserit,

91 3069 185 3132 nichil
214 3070 359 3150 recipiat,
394 3071 427 3130 et¹
453 3069 600 3133 dominus
634 3072 700 3134 eius
734 3074 773 3133 de
807 3073 867 3134 hoc
898 3073 1052 3135 innocens
1086 3073 1251 3138 habeatur.

92 3153 239 3216 Similiter
261 3154 301 3214 de
324 3172 424 3234 puero
449 3155 496 3216 vel
519 3156 557 3216 de
581 3155 711 3217 muliere
733 3155 862 3219 alterius
885 3155 1110 3220 constituimus.

597 3276 748 3340 txxvn.

378 3378 429 3439 De
452 3397 494 3439 re
517 3379 705 3460 proprisa
728 3380 795 3441 vel
818 3388 966 3444 secuta.

196 3479 323 3560 Siquis
358 3480 530 3553 caballum,
558 3481 735 3554 hominem,
765 3483 814 3544 vel
845 3482 1015 3565 quamlibet
1043 3501 1110 3544 rem
1140 3486 1170 3545 ln
1201 3485 1251 3547 via

91 3564 293 3644 propriserit,
327 3572 381 3626 aut
409 3584 480 3626 eum
509 3574 632 3627 secutus
660 3567 770 3640 luerit,
806 3585 864 3647 per
898 3574 964 3630 tres
994 3586 1118 3630 marcas
1148 3568 1250 3648 ipsum

91 3647 251 3719 ostendat,
282 3648 382 3710 etsie
412 3657 522 3728 postea
552 3651 591 3712 ad
621 3650 703 3731 regis
734 3651 903 3732 stapplum.
947 3651 999 3713 Sin
1029 3660 1134 3713 autem
1159 3652 1251 3714 aliter

91 3732 200 3813 egerit,
225 3731 275 3794 lur
296 3731 480 3794 iudicandus
504 3743 561 3796 est.
605 3732 697 3808 Quod
721 3735 747 3795 si
769 3735 837 3815 quis
859 3733 974 3796 latroni
998 3735 1113 3816 aliquid
1137 3737 1250 3811 tulerit,

91 3816 234 3877 similiter
256 3816 360 3877 iaciat.

587 3900 756 3964 LXXVlll.

311 4002 362 4063 lle
386 4002 641 4065 materiamine
663 4004 722 4065 vel
745 4002 856 4086 lignis
884 4004 1027 4066 iuratis.

196 4104 319 4186 Siquis
342 4103 507 4167 Ribuarius
528 4106 559 4166 in
582 4105 660 4168 silva
684 4105 841 4167 communi
868 4125 924 4169 seu
945 4107 1027 4188 regis
1048 4108 1098 4169 vel
1121 4108 1249 4172 alicuius

90 4190 193 4251 locata
218 4189 422 4251 materiamen
447 4189 496 4250 vel
517 4189 599 4271 ligna
622 4188 698 4252 lissa
714 4190 887 4264 abstulerit,
912 4193 949 4258 15
965 4191 1074 4255 solidis
1090 4192 1250 4273 culpabilis

89 4273 259 4347 iudicetur,
290 4275 369 4337 siout
390 4273 429 4334 de
453 4273 672 4337 venationibus
695 4276 746 4337 vel
769 4274 808 4336 de
832 4275 1066 4356 piscationibus,
1089 4277 1162 4357 quia
1186 4296 1249 4338 non
