2956 4944
673 329 748 387 tert
768 328 954 387 arctante.

715 523 739 583 a
757 523 859 580 0000.
878 505 917 580 Α.

796 645 852 716 Vt.

340 773 479 872 Siquis
495 772 683 873 ingenuus
698 771 905 871 ingenuum
921 771 1154 866 castraverit,
1170 771 1404 848 2oeecfidcs

137 916 159 959 2.
174 900 228 952 210.
240 874 437 974 culpabilis
458 874 655 949 iudicetur.
700 875 774 948 Aut
797 873 830 948 si
859 872 1077 972 negaverit,
1105 897 1191 946 curn
1223 874 1269 948 12
1296 873 1402 949 iurit.

781 1048 855 1122 v11.

337 1185 381 1260 Si
413 1187 498 1285 quis
526 1188 641 1262 horno
669 1186 886 1286 ingenuum!
904 1185 1122 1260 Ribuarium
1150 1187 1401 1284 interfecerit,

240 1287 471 1467 iiiiiiid⁰⁵
492 1287 691 1388 culpabilis
710 1288 908 1363 iudicetur.
946 1290 1021 1361 Aut
1037 1288 1070 1363 si
1085 1288 1293 1387 negaverit,
1311 1314 1401 1363 cum

768 1490 860 1564 Vlll.

340 1630 377 1704 Si
404 1628 491 1728 quis
517 1653 670 1703 servum
696 1628 943 1723 interfecerit,
963 1629 1011 1705 06
1028 1628 1171 1704 solidos
1194 1627 1400 1728 culpabilis

239 1729 444 1825 iudicetur,
466 1741 630 1804 autenm
646 1729 839 1826 seviunt,
858 1732 956 1828 quod
984 1731 1057 1804 hcc
1074 1756 1149 1804 non
1167 1730 1326 1805 fecissit.

786 1904 844 1986 tx.

338 2044 377 2119 Si
398 2043 482 2143 quis
501 2045 651 2143 regium
669 2043 864 2118 hominem
885 2043 1139 2140 interfecerit,
1162 2047 1233 2122 100
1250 2043 1401 2122 solides

238 2145 436 2244 culpabilis
457 2145 655 2240 iudicetur,
675 2157 741 2221 aut
760 2170 846 2220 curn
868 2147 912 2229 12
934 2144 1033 2220 iurit.
1136 2220 1138 2223 ,

712 2402 735 2457 r
753 2401 855 2459 0000.
875 2384 916 2456 B.

790 2518 840 2580 vt.

643 2623 695 2683 De
719 2621 983 2685 castratione.

116 2740 158 2799 *μ
174 2739 225 2788 215.
342 2724 373 2788 si
397 2727 465 2807 quis
488 2727 641 2810 ingenuus
655 2724 825 2807 ingenuum
849 2725 1045 2799 castraverit,
1068 2729 1130 2794 200
1146 2726 1254 2791 solidis
1270 2728 1399 2812 *culpa-

236 2811 306 2880 bilis
329 2811 491 2875 iudicetur.
536 2813 596 2875 Aut
619 2811 644 2874 si
668 2810 838 2894 negaverit,
860 2830 931 2873 curn
955 2813 994 2879 12
1015 2811 1106 2877 iuret.

782 2969 848 3033 vlt.

668 3091 719 3151 De
741 3091 965 3153 homicidio.

340 3194 370 3256 Si
398 3194 467 3276 quis
496 3193 593 3254 horno
615 3192 784 3273 ingenuum
807 3193 987 3255 Ribuarium
1009 3193 1210 3267 interfecerit,
1232 3197 1294 3261 200
1315 3197 1400 3259 soli.

236 3278 282 3344 dis
305 3279 467 3361 culpabitis
491 3276 656 3340 iudicatur.
700 3277 760 3338 Aut
782 3277 807 3338 si
830 3275 1003 3359 negaverit,
1026 3295 1096 3337 curn
1118 3279 1156 3343 12
1178 3277 1266 3339 iuret.

772 3432 850 3494 fof.

535 3555 587 3617 De
610 3552 846 3617 homicidiis
869 3571 1096 3616 servorum.

340 3659 370 3720 Si
395 3657 464 3740 quis
487 3676 613 3718 servum
635 3655 828 3729 interficerit,
850 3658 892 3723 36
915 3654 1024 3718 solidis
1047 3656 1208 3738 culpabitis
1230 3656 1399 3735 iudicetur,

235 3751 289 3805 aut
309 3761 380 3805 cum
402 3746 422 3808 6
443 3742 534 3815 iuret,
557 3742 642 3823 qnod
665 3741 728 3803 hoc
750 3759 814 3803 nen
836 3740 971 3803 fecisset.

783 3898 836 3962 tx.

474 4021 527 4084 De
549 4021 786 4085 homicidiis
809 4022 1009 4086 hominnm
1033 4023 1151 4103 regis.

340 4125 371 4186 Si
402 4125 470 4206 quis
501 4125 660 4188 hominem
689 4126 807 4208 regium
837 4125 1036 4199 interficerit,
1067 4128 1126 4192 100
1150 4126 1258 4188 solidis
1282 4125 1399 4208 culpa-

235 4209 305 4273 bilis
328 4210 493 4283 indicetur,
516 4218 569 4274 aut
591 4230 660 4273 curn
686 4213 725 4279 12
747 4211 838 4274 iuret.
