2956 4944
236 309 287 362 100
676 301 751 357 Lux
771 302 959 360 lllllUARlA.

715 498 739 552 a
757 497 859 553 cono.
878 479 919 553 Α.

234 643 347 718 quern
367 618 588 694 interciatus
608 617 734 714 fuerit,
752 617 913 714 capitale
928 629 965 691 et
980 617 1141 692 dilatura
1157 644 1241 693 cum
1258 632 1398 721 texaga

234 721 432 817 culpabilis
452 720 649 793 iudicetur.
967 790 970 794 a

334 824 369 896 9.
413 821 689 895 Vestimentum
721 828 848 891 autem
877 843 945 892 seu
980 819 1040 892 his
1068 819 1210 894 similia
1249 825 1396 920 absque

232 922 426 1021 probabile
445 923 597 1020 signum
618 919 819 993 interoiare
837 919 1091 1017 prohibemus.

739 1054 894 1129 LXXlll.

338 1184 368 1252 1.
404 1178 442 1252 Si
464 1176 548 1276 quis
575 1176 759 1275 ingenuos
776 1175 974 1249 Ribuarios
999 1177 1175 1253 furonem
1202 1177 1397 1277 ligaverit,

233 1290 378 1353 etcum
404 1281 545 1375 absque
572 1275 711 1349 iudicio
736 1275 927 1373 principes
954 1277 1102 1352 solvere
1125 1303 1397 1377 praesumpse-

232 1379 294 1476 rit,
314 1383 363 1454 60
381 1381 523 1454 solidos
543 1377 741 1474 culpabilis
762 1377 959 1450 iudicetur.

335 1483 369 1555 2.
419 1479 460 1553 Si
490 1479 573 1579 quis
601 1503 686 1552 eum
717 1478 793 1550 vim
821 1478 985 1574 tullerit,
1014 1485 1063 1554 60
1089 1480 1231 1554 solidos
1261 1482 1396 1579 culpa-

233 1581 318 1656 bilis
338 1580 536 1655 iudicetur.

337 1687 371 1757 3.
415 1682 454 1758 Si
483 1692 609 1755 autem
636 1680 786 1778 legatus
820 1681 910 1777 fuga
937 1680 1066 1778 lapsus
1096 1682 1229 1777 luerit,
1258 1693 1295 1755 et
1320 1683 1397 1757 hoc

233 1807 320 1856 oum
350 1808 415 1856 sex
446 1781 636 1877 iuraverit,
670 1782 768 1878 quod
798 1782 941 1879 absque
968 1781 1049 1855 eius
1077 1782 1272 1856 voluntate
1300 1785 1398 1883 fuga

233 1884 359 1982 lapsus
380 1882 524 1978 fuisset,
545 1882 724 1954 innocens
744 1881 935 1954 habeatur.

334 1988 368 2058 4.
414 1983 454 2058 Si
483 1994 632 2079 autem,
661 1982 721 2055 cui
758 1984 1044 2058 commendatus
1070 1984 1224 2080 fuisset,
1260 1986 1396 2083 fugam

234 2086 412 2182 evaserit,
433 2089 481 2161 60
499 2085 641 2160 solidos
661 2083 859 2182 culpabilis
880 2083 1077 2158 iudicetur.

134 2253 155 2295 ρ.
171 2237 224 2286 asa
251 2201 255 2227 ²
739 2222 887 2293 LXXlV.

336 2343 415 2414 Hoc
443 2352 569 2414 autem
599 2342 892 2436 constituemus,
926 2351 966 2413 ut
1002 2341 1127 2414 nullus
1166 2366 1250 2414 oum
1279 2366 1395 2416 servo

237 2492 330 2499 ..Ἀ-ψ..-
346 2492 357 2496 -
383 2492 454 2497 .....--
468 2489 905 2496 —.--.-—-—--—.-—›----—.-.
922 2489 1143 2496 ---—.-.-..-..
1156 2491 1175 2496 ...
1187 2492 1191 2495 .
1200 2491 1337 2496 -.-.----.
1376 2493 1379 2496 r

712 2587 854 2642 acuon.
874 2569 917 2644 B.

231 2704 420 2803 intertiatum
453 2703 566 2776 luerit,
600 2703 733 2783 capitale
767 2715 798 2766 et
832 2705 974 2768 delatura
1008 2726 1076 2768 cum
1110 2708 1194 2770 furto
1227 2707 1394 2789 culpabilis

231 2790 394 2939 mdloebllr·
404 2871 632 2935 vestimentum
664 2880 767 2934 autem
797 2893 852 2935 seu
881 2873 930 2936 his
952 2874 1065 2936 similia
1092 2878 1211 2956 absque
1233 2878 1394 2955 probabili

231 2956 322 3037 signo
344 2956 505 3018 intertiare
529 2955 741 3036 probibemus.

750 3078 874 3138 LXXV.

365 3179 415 3240 De
437 3179 587 3239 homine
609 3179 726 3260 ligato
748 3182 887 3260 absque
909 3179 1051 3241 iudicio
1079 3181 1257 3244 dimisso.

338 3283 365 3344 l.
409 3279 441 3340 si
470 3280 539 3361 quis
565 3281 717 3364 ingenuus
745 3283 911 3344 Ribuarius
940 3283 1040 3344 furem
1070 3283 1226 3367 ligaverit,
1258 3291 1288 3346 ct
1319 3305 1393 3348 eum

230 3366 349 3462 absque
371 3363 485 3461 iudicio
508 3364 656 3445 principis
678 3366 803 3427 solvere
818 3367 1074 3448 praesumpserit,
1096 3369 1137 3434 60
1153 3368 1262 3430 solidis
1278 3370 1396 3451 culpa-

231 3449 300 3510 blhs
321 3449 531 3612 ullwbtiulq'uis
556 3551 626 3593 eum
650 3532 679 3594 vi
701 3533 816 3607 tulerit,
846 3536 887 3598 60
909 3534 1017 3597 solidis
1040 3536 1204 3618 culpabilis
1225 3537 1393 3604 iudicetur.

335 3618 365 3682 3.
403 3616 434 3677 Si
458 3625 562 3679 autem
586 3616 699 3700 ligatus
722 3617 793 3700 luga
816 3617 923 3699 lapsus
945 3620 1046 3697 luerit,
1071 3628 1101 3682 et
1116 3622 1177 3682 boe
1193 3642 1261 3683 cum
1277 3626 1297 3689 6
1314 3643 1396 3686 cou-

229 3701 488 3847 qpqpeplqbeqqpp
514 3704 635 3783 absque
658 3703 724 3764 eius
748 3703 909 3764 voluntate
932 3704 1006 3787 suga
1026 3705 1134 3786 lapsus
1150 3705 1268 3780 suisset,
1290 3707 1394 3770 inno-

336 3870 366 3933 4.
412 3869 443 3929 Si
479 3878 600 3942 autem,
636 3871 684 3930 eui
722 3872 958 3934 commendatus
993 3873 1100 3947 suerit,
1138 3874 1211 3954 luga
1245 3877 1394 3951 evaserit,

231 3953 272 4016 60
294 3951 405 4014 solidis
428 3953 589 4033 culpabilis
612 3954 778 4017 iudicetur.

132 4103 153 4145 ρ.
168 4085 220 4135 262.
743 4076 884 4138 Lxxvl.

230 4175 273 4236 Ut
296 4175 421 4237 nullus
444 4180 935 4242 cumservotraditionem
954 4181 1393 4244 veleommutationem

740 4264 879 4326 saciat.

337 4364 405 4424 Hoc
428 4369 533 4424 autern
556 4364 780 4437 constituimus,
803 4375 834 4428 ut
857 4365 958 4429 nullus
974 4386 1044 4428 cum
1061 4386 1153 4429 servo
1168 4368 1271 4429 alieno
1288 4387 1397 4450 nego-
