2956 4944
532 903 636 984 Iex
667 899 927 983 RIBUARIrI.

629 1103 773 1158 rcere.
793 1084 833 1157 Α.

444 1222 615 1296 INCIPIT
641 1221 779 1296 LEGIS
804 1221 1022 1295 RIBUARII.

720 1358 745 1430 Ι.

255 1476 294 1551 Si
314 1476 399 1575 quis
413 1477 600 1576 ingenuus
620 1477 828 1577 ingenuum
857 1477 935 1550 ictu
959 1477 1201 1573 percusserit,
1224 1476 1313 1550 soli·

152 1579 244 1650 dum
266 1585 282 1652 1
305 1577 503 1676 culpabilis
521 1578 719 1652 iudicetur.
756 1577 795 1654 Si
816 1577 886 1674 bis,
904 1580 998 1652 duos
1017 1576 1173 1674 solid0s3
1193 1576 1225 1651 si
1242 1589 1312 1673 ter,

153 1684 176 1756 3
195 1678 558 1778 solidos.culpabilis
578 1679 775 1753 iudicetur.

710 1817 754 1889 II.

254 1934 293 2009 Si
314 1935 398 2033 quis
419 1936 606 2036 ingenuus
622 1936 831 2036 ingenuum
845 1934 1085 2034 percusserit,
1100 1945 1140 2007 ut
1154 1933 1312 2034 sanguis

154 2035 272 2131 exiet,
294 2046 394 2110 terra
416 2048 565 2136 tangat,
592 2039 650 2112 bis
671 2061 811 2110 novem
831 2036 974 2111 solidos
997 2034 1197 2133 culpabilis
1219 2035 1313 2107 iudi-

155 2147 271 2210 cetur.
308 2138 382 2210 Aut
401 2137 433 2213 si
453 2139 664 2236 negaverit,
683 2162 770 2210 cum
789 2162 856 2211 sex
875 2137 974 2210 iurit.

706 2275 766 2348 III.

255 2392 295 2467 Si
323 2393 408 2491 quis
437 2392 625 2493 ingenuus
653 2392 861 2492 ingenuum
886 2391 923 2463 in
950 2389 1119 2489 quolibet
1143 2391 1312 2464 membro

155 2518 250 2610 osso·
267 2494 445 2609 fregerit,
465 2497 513 2569 36
532 2494 675 2569 solidos
696 2492 895 2592 culpabilis
914 2491 1121 2587 iudicetur,
1140 2501 1204 2564 aut
1227 2516 1313 2566 cunr

155 2621 220 2669 sex
240 2606 340 2669 rurrt.

641 2785 663 2838 Ε
682 2783 786 2840 corr.
805 2767 847 2838 Β.
1323 2805 1344 2848 ρ.
1361 2786 1413 2836 21³.

407 2889 578 2978 INCIPIT
605 2902 697 2976 LEX
722 2902 1061 2976 RIBUARIORUM.

724 3037 746 3101 I.

503 3140 557 3201 De
578 3141 661 3202 ictu
684 3138 966 3222 ingenuorum.

260 3241 291 3304 Si
315 3241 385 3323 quis
407 3241 558 3325 ingenuus
581 3242 750 3326 ingenuum
772 3243 834 3304 ictu
857 3242 1056 3322 percusserit,
1079 3242 1182 3305 solido
1207 3246 1220 3308 1
1245 3242 1316 3304 cul-

155 3326 267 3408 paries
290 3325 459 3401 iudIcetur3
492 3327 520 3388 si
541 3327 605 3399 bis,
628 3328 751 3390 duobus
774 3325 892 3390 solidIs.
936 3326 968 3388 Si
994 3334 1060 3401 ter,
1083 3326 1182 3389 tribus
1205 3325 1315 3389 solidis

155 3410 318 3493 culpabilis
340 3410 504 3475 iudicetur.
718 3493 745 3554 H

482 3597 534 3657 De
557 3597 754 3680 sanguinis
777 3595 980 3660 effusione.

261 3695 291 3757 si
315 3697 383 3777 quis
412 3698 565 3779 Ingenuus
591 3700 758 3782 ingenuum
782 3699 983 3781 percusserit,
1013 3706 1046 3761 ut
1067 3698 1196 3780 sanguis
1224 3704 1316 3761 exeat

156 3790 337 3861 terramque
360 3787 478 3864 tanget,
503 3785 541 3849 18
556 3784 676 3846 solidos
692 3782 856 3864 culpabilis
873 3782 1038 3845 iudicetur.
1081 3783 1143 3845 Aut
1164 3783 1190 3846 si
1213 3801 1315 3864 nege-

155 3864 244 3939 verit,
266 3883 335 3926 eum
358 3868 378 3931 6
401 3863 490 3927 iuret.
702 3950 741 4011 m

575 4053 625 4112 De
647 4070 739 4115 osse
762 4052 901 4114 Ireeto.

259 4154 290 4216 Si
312 4154 381 4236 quie
403 4153 557 4236 ingenuus
579 4153 715 4238 ingenuo
737 4154 769 4215 in
791 4154 933 4236 quolibet
955 4156 1097 4217 membro
1120 4173 1157 4218 oe
1180 4152 1317 4238 fregerit,

154 4239 196 4304 ³6
218 4237 327 4301 solide
350 4237 512 4321 culpabilis
534 4238 698 4313 iudicetur,
724 4245 871 4302 autrum
894 4243 914 4306 6
936 4237 1030 4303 iuret.
