2956 4944
227 323 262 376 30
648 315 724 372 LEX
744 313 930 371 RlBUARlA.

222 495 358 578 priscae
376 490 585 575 publicarum
596 492 867 574 priuatorumque
883 489 1085 572 nepotianum
1100 510 1189 552 nunc
1202 489 1355 572 primum

228 578 350 642 editae:
387 585 415 638 et
445 572 651 639 Glossarium
681 573 748 635 siae
776 571 1006 655 Interpretatio
1040 593 1150 635 rerum
1174 594 1354 657 uocumque

228 659 418 746 difficilium
440 667 468 723 et
490 658 722 723 obscuriorum.
765 654 981 739 Francofurti
1005 653 1104 734 1613]
1128 655 1157 717 le
1181 679 1228 719 em
1250 656 1352 741 Ripu-

228 745 369 808 ariorum
396 742 509 822 edidit,
538 741 718 804 editionum
741 737 912 819 Sicbardi,
935 736 1083 820 Heroldi,
1111 678 1190 803 Tiiii
1215 750 1244 804 et
1293 763 1353 806 uo·

228 828 373 892 rundam
396 827 542 891 codicum
564 825 861 906 manuscriptorum
884 844 943 906 ope
965 844 1055 885 usus.
1099 822 1214 887 Pauca
1236 845 1252 886 c
1272 765 1354 888 bin·

230 910 406 996 denbraqio
423 906 618 973 adnotanda
632 907 715 970 mibi
730 927 795 968 esse
810 904 1021 986 uidebantur,
1036 907 1094 970 sub
1110 908 1221 993 siqno:
1239 907 1311 973 Lin
1319 909 1351 971 d.

231 995 364 1060 Teutam
386 993 556 1078 autqatum
570 990 602 1053 B
618 988 884 1074 Lindenbroqius
907 989 1021 1071 edidit,
1043 991 1156 1055 sedin
1179 991 1219 1054 89
1241 991 1353 1056 titubas

229 1079 383 1157 diois-um,
410 1077 517 1140 nescio
542 1075 638 1138 cuius
660 1074 782 1138 codicis
805 1075 1007 1143 auctoritate,
1052 1074 1184 1139 Diuisio
1206 1074 1352 1140 Linden-

230 1162 394 1247 broqiana
416 1183 437 1224 a
459 1157 692 1223 recentioribus
714 1156 910 1221 editionibus
931 1167 1062 1241 recepta
1083 1168 1137 1221 est.

315 1244 513 1307 Posteriores
540 1241 696 1306 editiones
724 1239 810 1304 nibil
832 1242 911 1305 noui
933 1239 1087 1327 afferunt,
1115 1265 1187 1307 cum
1210 1252 1355 1326 quatuor

229 1329 281 1393 iili
303 1328 429 1394 codices
450 1326 682 1409 manuscripti,
705 1324 821 1410 quibus
843 1324 1046 1389 Bubasius
1068 1327 1104 1389 in
1126 1327 1267 1390 editione
1288 1348 1353 1389 sua

230 1435 309 1476 usus
331 1420 413 1492 erat,
437 1411 545 1474 adbuc
568 1418 691 1474 enstent
713 1417 742 1472 et
763 1410 800 1473 in
823 1431 918 1473 usum
934 1410 1231 1474 editionisnostrae
1245 1411 1354 1474 denuo

230 1496 341 1561 collati
360 1497 436 1560 sint.

128 1703 151 1742 ,‚
168 1691 219 1734 m
673 1647 823 1713 assor
845 1649 905 1713 111.

314 1752 377 1816 ou
398 1747 620 1816 Emmaus
642 1748 822 1816 Nascus
845 1748 979 1814 Lucus
1001 1749 1260 1816 susumus.

735 1875 764 1952 §-
790 1871 839 1933 11.

666 1971 724 2035 De
746 1981 854 2035 tantu
876 1972 916 2035 A.

316 2075 417 2138 Teuta
445 2075 477 2136 A
505 2076 738 2160 antiquiorem,
774 2075 919 2220 qenuino
953 2076 1057 2139 tentui
1076 2076 1353 2161 propinquiorem

230 2181 245 2220 s
271 2160 367 2223 eciem
406 2158 487 2244 loqis
518 2158 703 2222 Ribuariae
736 2180 776 2222 en
800 2159 899 2238 iberi,
932 2180 1039 2242 supra
1073 2160 1199 2224 ostendi
1232 2166 1276 2242 (b-
1304 2161 1354 2242 8).

229 2181 340 2390 §uam
374 2242 410 2306 ab
441 2264 510 2306 rem
538 2245 642 2307 teratui
670 2243 701 2304 A
730 2245 767 2306 in
798 2243 939 2306 editione
964 2252 1077 2306 nostra
1102 2246 1236 2327 primus
1263 2241 1354 2308 locus

254 2335 327 2390 atus
350 2336 404 2390 est.

319 2408 475 2483 Quamuis
497 2411 533 2473 in
555 2418 644 2472 tentu
666 2410 697 2472 A
719 2409 841 2473 edendo
864 2410 1004 2474 codicem
1030 2412 1045 2473 1
1067 2433 1152 2495 prae
1174 2413 1285 2475 ceteris
1308 2434 1355 2476 se·

231 2501 325 2556 cutus
348 2494 410 2555 sim
440 2491 500 2575 (cf.
524 2500 680 2576 suprad
702 2493 752 2573 9),
780 2514 847 2556 non
876 2501 983 2558 tamen
1010 2495 1047 2557 in
1075 2496 1222 2559 omnibus
1249 2494 1352 2560 sotum

231 2584 352 2638 tentum
384 2576 506 2639 codicis
541 2578 555 2636 1
592 2577 680 2661 typis
712 2576 940 2640 mandandum
973 2599 1039 2641 esse
1071 2581 1198 2662 putaui.
1245 2578 1355 2645 Cadeec

231 2661 349 2723 eniml
374 2682 446 2722 cum
461 2658 569 2744 plura
591 2662 761 2740 contineat,
804 2682 866 2723 uae
888 2683 998 2725 errore
1020 2661 1152 2727 librarii
1172 2673 1244 2726 orta
1266 2674 1354 2744 sunt,

230 2743 365 2826 saepius
387 2765 458 2807 eum
481 2767 497 2807 e
518 2741 655 2828 reliquis
677 2682 841 2808 codicibus
871 2747 1102 2831 corripendum
1131 2770 1198 2812 csse
1221 2751 1353 2831 putaui.

229 2826 388 2910 Enempto
410 2837 456 2890 est
477 2827 523 2890 tit.
542 2827 591 2907 18,
608 2852 634 2890 c.
654 2831 681 2909 l,
704 2829 760 2891 sebi
782 2828 912 2892 codenl
939 2829 1033 2894 babet
1055 2852 1145 2916 quas,
1168 2854 1239 2895 cum
1254 2830 1354 2895 scribi

229 2911 375 2976 debuerit
403 2931 512 2996 equas,
569 2911 723 2997 Conferri
749 2923 854 2998 potest
882 2915 978 2978 etiam
1007 2916 1054 2980 tit.
1083 2915 1140 2996 58,
1167 2940 1193 2978 c.
1219 2918 1246 2981 1.
1269 2915 1299 2980 6.
1322 2914 1350 2979 7.

228 2996 385 3060 editionis
413 3007 554 3077 nostrae,
586 2997 643 3060 ubi
671 2997 809 3062 codicem
833 3000 853 3060 4
876 3001 991 3084 potius
1023 3000 1102 3085 (cfr.
1131 3023 1238 3084 supra
1261 3007 1291 3079 55.
1314 2998 1354 3080 9)

229 3103 329 3165 quam
351 3081 491 3143 codicem
509 3081 525 3142 1
546 3102 610 3164 pro
633 3081 714 3145 duce
737 3081 922 3146 babendum
943 3105 1010 3147 esse
1027 3086 1157 3168 putaui.
1201 3084 1266 3148 Pro
1284 3083 1353 3170 teqe

230 3173 337 3227 autem
363 3163 446 3225 mibi
461 3163 546 3246 fuit,
573 3174 609 3227 ut
631 3166 771 3228 codicem
795 3166 811 3227 l
843 3188 1001 3249 sequerer,
1034 3169 1100 3230 nisi
1126 3169 1223 3230 certis
1250 3190 1351 3251 arqu-

228 3247 343 3310 mentis
374 3256 480 3309 tentus
512 3248 583 3310 cius
615 3258 791 3331 corruptus
823 3268 890 3311 esse
921 3249 1130 3332 probaretur.
1187 3249 1353 3312 Lectiones

228 3330 428 3414 reliquorum
457 3330 604 3394 codicum
632 3332 670 3394 in
698 3332 785 3395 notis
808 3329 938 3410 addidi,
968 3353 1034 3395 non
1064 3353 1179 3409 omnes,
1207 3332 1353 3408 sedeas,

230 3435 314 3499 quae
344 3412 475 3497 aliquid
503 3414 548 3478 ad
575 3413 672 3496 beqem
699 3414 983 3498 interpretandam
1014 3411 1062 3476 aab
1090 3415 1136 3476 ad
1163 3434 1252 3476 uoces
1278 3432 1349 3497 per-

228 3498 379 3562 manicas
401 3496 621 3562 illustrandas
644 3496 796 3582 afferunt.
1195 3552 1197 3556 .

315 3579 503 3646 Genuinum
530 3591 650 3645 tentsun
678 3581 760 3666 beqis
788 3579 973 3644 Ribuariae
1003 3581 1122 3663 absque
1153 3577 1295 3641 rubricis
1323 3589 1352 3641 et

228 3663 397 3730 titulorum
430 3665 592 3729 diuisione
614 3663 745 3747 fuisse,
784 3685 890 3749 supra
922 3670 940 3746 (
934 3686 971 3748 p.
1009 3663 1086 3744 194)
1120 3663 1352 3727 demonstrari.

231 3747 363 3814 Codices
385 3749 416 3811 A
444 3759 502 3812 aut
529 3747 635 3812 nultos
659 3748 772 3812 titulos
797 3749 1016 3833 distinquunt,
1047 3757 1106 3810 aut
1133 3748 1228 3810 uario
1257 3748 1355 3812 modo

228 3834 264 3896 in
286 3830 396 3895 titulos
419 3832 626 3896 diuiduntur.
670 3831 825 3916 Plerique
841 3832 964 3896 codices
979 3833 1011 3895 A
1032 3833 1226 3896 divisionem
1241 3831 1283 3895 90
1304 3830 1352 3896 uel

228 3916 267 3980 91
291 3914 339 3978 neb
360 3914 403 3979 92
429 3916 477 3979 aei
499 3915 540 3978 93
566 3915 734 3980 titulorum
764 3916 921 3997 enbibent,
952 3916 1087 4000 affinem
1114 3917 1154 3979 91
1184 3914 1353 3981 titulorum

228 3999 397 4080 diuisioni,
428 4020 512 4084 quae
529 4023 593 4085 per
614 4010 733 4065 tentum
755 4000 788 4063 B
809 4000 985 4087 diautqata
1005 4012 1060 4065 cst.
1108 3999 1265 4074 Quamvis
1287 4002 1355 4085 iqi-

228 4094 282 4146 tur
304 4083 425 4148 divisio
446 4082 488 4148 89
510 4085 686 4166 titulorum,
716 4107 800 4171 quae
828 4084 868 4150 ab
897 4085 1094 4150 editionibus
1120 4084 1352 4148 recentioribus

228 4167 320 4231 tradi
341 4167 428 4249 salet,
450 4169 487 4231 in
505 4167 596 4233 nullo
612 4170 720 4233 codice
742 4169 944 4250 inueniatur,
967 4180 1085 4249 tamen,
1108 4191 1180 4232 oum
1196 4169 1232 4231 in
1249 4170 1350 4232 omni-

228 4249 287 4315 bus
309 4251 403 4317 libris
425 4252 668 4334 recentioribus,
699 4255 758 4339 qui
778 4252 877 4339 leqem
899 4252 1097 4319 Ribuariam
1119 4251 1357 4331 laudaverunt,
