2956 4944
664 306 739 363 LEX
758 307 947 365 ardunum.

704 500 727 554 1
746 501 848 556 corn.
867 484 907 557 Α.

746 621 865 695 XLIX.

326 742 432 829 Quod
453 741 485 814 si
502 740 707 814 adfatimus
729 741 843 815 fuerit
862 742 959 815 inter
979 742 1103 814 virum
1117 753 1155 815 et
1170 741 1389 838 mulierem,

224 854 312 941 post
330 842 540 916 discessum
561 844 758 915 amborum
777 844 823 915 ad
843 842 1037 941 legitimus
1055 843 1206 917 heredis
1220 855 1390 921 reverta·

224 955 297 1039 tur,
325 943 397 1016 nisi
425 953 593 1037 tantum,
619 967 716 1039 quae
744 968 833 1041 pare
868 968 937 1018 suo
958 944 1222 1042 supervixerit,
1247 944 1286 1017 in
1311 944 1389 1018 ele·

226 1044 375 1118 mosina
394 1045 455 1118 vel
475 1044 512 1115 in
532 1069 600 1117 sua
619 1044 849 1118 necessitate
869 1045 1102 1143 expenderit.

126 1211 150 1253 r·
165 1193 214 1240 238.
785 1182 823 1253 L.

331 1310 361 1373 1.
414 1299 452 1373 Si
483 1299 566 1397 quis
594 1300 704 1374 testis
732 1303 776 1373 ad
807 1302 922 1374 mallo
953 1312 1039 1375 ante
1074 1301 1293 1375 centenario
1326 1302 1385 1375 vel

227 1401 378 1493 comite,
394 1426 460 1474 seu
481 1413 567 1474 ante
586 1403 694 1497 duce,
707 1402 867 1499 patricio
886 1402 946 1475 vei
966 1402 1048 1500 regi
1067 1425 1226 1476 necesse
1246 1401 1387 1475 habue-

225 1502 287 1596 rit
307 1513 348 1576 ut
366 1504 506 1577 donent
524 1503 797 1596 testimonium,
818 1515 855 1576 et
873 1504 1036 1578 fortasse
1055 1504 1164 1577 testis
1183 1504 1387 1577 noluerunt

228 1605 273 1676 ad
301 1604 484 1701 placitum
509 1604 651 1699 venire,
681 1604 748 1695 illi⁷
776 1605 839 1701 qui
865 1629 952 1678 eum
980 1604 1239 1679 necessarium
1258 1606 1385 1698 habet,

228 1704 371 1776 munire
394 1705 477 1778 illos
498 1705 621 1800 debet,
642 1716 681 1777 ut
696 1704 971 1801 testimonium,
996 1709 1093 1803 quod
1110 1705 1247 1802 sciunt
1272 1706 1384 1780 iurati

228 1805 365 1877 dicant.

329 1907 362 1980 2·
390 1905 497 1992 Quod
518 1905 549 1978 si
570 1906 769 2001 noluerint³
790 1919 827 1980 et
845 1908 985 1980 falsum
1002 1909 1262 1981 testimonium
1278 1934 1388 2007 prae·

228 2005 389 2099 buerint,
409 2017 446 2080 et
463 2006 536 2079 hoc
553 2008 799 2104 adprobatum
817 2008 942 2104 fuerit⁷
963 2010 1222 2109 unusquisque
1237 2011 1284 2084 de
1299 2010 1387 2084 illos

227 2119 306 2181 tres
327 2107 434 2182 testis
455 2108 665 2206 terquinos
686 2109 829 2183 solidos
850 2110 1042 2183 multetur.

779 2247 835 2318 Ll.

333 2371 363 2438 1.
398 2366 435 2439 Si
458 2365 540 2462 quis
560 2366 721 2439 iudicem
741 2366 911 2440 fiscalem
932 2369 976 2439 ad
997 2392 1057 2440 res
1077 2367 1221 2441 alienas
1245 2367 1388 2442 iniuste

651 2822 702 2880 De
727 2821 963 2885 adfatimire.

336 2919 428 2994 Quod
462 2922 487 2984 si
521 2923 689 2986 adfatimus
717 2925 811 2986 fuerit
838 2925 919 2987 inter
943 2927 1041 2988 virum
1064 2936 1095 2987 et
1119 2928 1292 3001 mulierem,
1317 2938 1390 3008 post

231 3007 386 3068 dicessum
402 3008 568 3068 amborum
585 3009 625 3069 ad
641 3009 796 3090 legitimos
811 3009 945 3073 heredes
966 3020 1153 3086 revertatur,
1176 3013 1233 3073 nisi
1256 3019 1388 3087 tantum,

232 3091 284 3172 qui
309 3110 416 3171 parem
440 3111 529 3153 suum
553 3093 772 3174 supervixerit,
792 3094 824 3154 in
846 3095 1039 3178 aelymosina
1063 3096 1111 3156 vel
1125 3098 1155 3157 in
1172 3116 1227 3158 sua
1244 3098 1390 3160 necessi-

232 3184 295 3237 tate
318 3175 510 3255 expenderit.

132 3284 221 3346 aare.
778 3260 829 3321 Lll

539 3365 592 3424 De
615 3363 793 3424 testibus
818 3361 1075 3424 adhibendis.

340 3469 366 3528 1.
390 3466 421 3526 Si
444 3465 512 3545 quis
536 3473 630 3527 testes
647 3466 687 3525 ad
704 3465 829 3525 maltum
848 3475 921 3525 ante
936 3463 1149 3525 centenarium
1167 3465 1215 3526 vel
1230 3465 1390 3541 comitem,

232 3569 288 3610 seu
322 3557 394 3611 ante
430 3550 559 3625 ducem,
592 3548 756 3629 patricium
792 3547 840 3608 vel
869 3569 974 3628 regem
1006 3566 1134 3610 necesse
1168 3549 1322 3622 habuerit,
1356 3561 1390 3614 ut

233 3635 351 3695 donent
378 3633 607 3705 testimonium,
637 3641 668 3692 et
696 3633 834 3693 fortasse
864 3639 959 3693 testes
988 3632 1145 3696 noluerint
1173 3638 1212 3697 ad
1240 3635 1388 3714 placitum

232 3718 349 3788 venire,
371 3716 439 3790 ille,
461 3717 513 3798 qui
536 3736 591 3779 eos
614 3716 813 3778 necessarios
835 3716 947 3789 habet,
971 3717 1112 3780 mannire
1134 3720 1205 3782 illos
1229 3721 1332 3792 debet,
1357 3729 1390 3783 ut

232 3801 454 3873 testimonium,
477 3802 561 3882 quod
585 3800 695 3871 sciunt,
717 3801 809 3863 iurati
833 3801 946 3864 dicant.

339 3889 368 3948 2.
392 3883 483 3956 Quud
513 3885 538 3947 si
566 3884 731 3957 noluerint,
754 3893 784 3946 et
805 3885 919 3947 falsum
942 3886 1154 3948 testimonium
1178 3888 1390 3969 praebuerint,

232 3978 263 4030 et
297 3968 358 4030 hoc
388 3971 597 4049 adprobatum
633 3971 741 4042 fuerit,
774 3971 988 4053 unusquisqne
1028 3972 1067 4032 de
1105 3974 1164 4037 illis
1204 3978 1224 4038 3
1257 3971 1389 4035 testibus

235 4057 273 4120 15
297 4053 404 4116 solidis
428 4052 583 4117 multetur.

771 4159 845 4220 LlH.

327 4263 378 4322 De
401 4280 445 4322 eo
469 4261 533 4340 qui
559 4261 779 4341 grasiouem
808 4264 852 4326 ad
877 4282 937 4324 res
966 4262 1116 4324 alienas
1143 4263 1295 4324 invitat.
1414 4280 1417 4285 ’

342 4368 368 4430 1.
384 4364 414 4424 Si
433 4364 503 4446 quis
521 4365 655 4425 iudicem
679 4365 818 4427 fiscalem
835 4366 874 4425 ad
891 4384 942 4426 res
958 4364 1077 4427 alienas
1093 4365 1206 4426 iniuste
1221 4364 1392 4440 tollendas,
