2956 4944
260 318 295 371 12
677 315 754 372 Lnx
772 315 957 371 slsunnts.

258 488 373 552 titulus
395 486 435 551 de
456 507 572 552 aroene
618 485 692 551 6666
713 486 798 551 iden
820 485 983 571 sipnificet
1005 494 1101 569 66966
1123 485 1238 550 titulus
1254 487 1382 554 codicis

258 570 476 635 Blanbenbuc
500 572 545 635 ici
576 508 616 634 db
650 591 688 633 66
721 571 777 654 qui
809 579 989 634 consortem
1023 590 1117 632 suum
1150 571 1384 654 superpriserit

259 656 325 737 (tit.
347 655 398 735 60,
421 679 446 718 c.
469 594 562 718 6-6).
591 653 745 718 editionis
772 656 931 733 6666666).
973 652 1151 716 Librarius
1175 654 1296 718 scilicet
1325 677 1381 719 co·

259 738 344 802 dicis
365 759 470 801 66666
492 737 531 800 de
546 757 661 801 crosno
684 761 756 800 6666
777 759 843 801 666
865 735 1060 821 666666696666
1076 737 1182 799 omisit
1196 757 1380 823 66666966

258 821 423 885 rubricam
451 844 466 884 e
490 822 613 903 piimis
641 820 745 884 uerbis
772 819 861 883 tituli
893 817 944 905 (Si
974 819 1045 904 quis
1075 828 1256 885 consortem
1283 842 1381 884 suum

281 904 521 972 uantulumcum
547 925 587 967 ue
599 903 836 988 superpriserit)
851 901 962 987 effecit.
996 905 1173 967 Tractatuc
1186 905 1273 967 enini
1284 905 1379 968 titulo

243 925 340 1072 -bbpis
363 985 496 1052 Sciicac
523 924 563 1050 be
585 986 743 1051 charoena
770 987 809 1050 de
835 1008 881 1067 eo,
910 987 968 1068 966
996 985 1093 1050 atteri
1114 989 1148 1052 66
1171 986 1301 1071 aliquid
1322 1009 1379 1051 66-

253 1073 376 1156 puerit.
424 1068 498 1143 Qua
520 1071 560 1134 de
574 1092 610 1132 66
625 1072 671 1134 cis
686 1091 811 1155 966966
826 1069 989 1152 capitibus
1003 1067 1083 1168 lepis
1097 1068 1283 1133 1666666666
1303 1072 1377 1156 696-

258 1163 313 1216 666
335 1155 399 1237 (tit.
421 1154 473 1234 60,
495 1177 522 1216 c.
544 1153 626 1217 2-8
628 1158 655 1235 ),
685 1175 769 1237 9666
799 1153 838 1217 66
864 1155 898 1216 66
926 1173 1105 1232 commissa,
1137 1152 1176 1216 de
1203 1154 1379 1217 invasione

259 1245 365 1300 666666
393 1236 521 1302 6666666
548 1245 693 1301 tractant
722 1242 765 1320 (c.
788 1233 881 1298 2-5.
910 1235 958 1315 8),
988 1235 1181 1320 quibusdam
1210 1236 1378 1320 capitibus

259 1318 299 1384 de
320 1328 510 1384 testamento
531 1341 654 1404 regum,
675 1320 713 1383 id
734 1328 779 1382 est
800 1320 839 1383 de
851 1319 977 1403 fundo,
1004 1340 1096 1403 96666
1117 1340 1176 1381 cccc
1191 1341 1257 1403 per
1273 1342 1377 1403 prae·

259 1411 384 1503 ceptam
406 1426 501 1468 suunt
523 1403 691 1483 alienavit,
714 1403 850 1467 adiectis
872 1408 916 1486 (c.
932 1402 962 1466 3.
978 1402 1007 1465 6.
1024 1403 1071 1481 7).
1117 1399 1210 1475 Quae
1232 1405 1378 1467 comita

180 1537 185 1546 .
259 1495 335 1568 sint,
351 1495 472 1550 teatuin
486 1487 653 1551 titulorum
667 1485 798 1550 66666666
813 1485 853 1548 de
868 1506 985 1549 aroene
1008 1493 1102 1570 atque
1124 1484 1164 1549 de
1178 1487 1378 1550 testamentis

257 1590 374 1653 regum
396 1594 436 1634 ca
463 1570 559 1634 itibus
580 1570 674 1634 2-8.
696 1569 784 1634 tituli
806 1569 856 1634 60.
886 1570 1038 1633 editionis
1061 1577 1192 1633 nostrae
1213 1579 1377 1636 66666666

259 1673 324 1716 esse
346 1674 424 1716 conc
439 1653 536 1716 66666
555 1663 775 1736 9666666611.

346 1734 438 1808 Quae
458 1758 511 1799 666
533 1737 624 1799 baud
640 1737 745 1820 parci
758 1736 909 1799 momenti
922 1757 988 1799 esse
1001 1735 1084 1799 mibi
1097 1736 1236 1801 6666666.
1278 1737 1312 1799 Ε
1323 1760 1376 1802 co·

259 1818 387 1882 dicibus
414 1819 499 1882 6666
526 1819 603 1899 iilis,
633 1821 691 1904 966
718 1822 754 1883 66
776 1819 885 1883 666666
906 1819 1058 1883 rubricas
1079 1817 1119 1882 de
1140 1840 1257 1884 aroenc
1279 1828 1377 1904 atque

258 1899 299 1965 dc
313 1903 512 1965 testamentis
526 1923 640 1984 regum
659 1910 735 1985 post
748 1905 858 1986 ipsain
872 1903 1039 1967 rubricam
1061 1901 1101 1966 de
1116 1901 1220 1967 alodis
1242 1909 1259 1984 (
1260 1905 1307 1968 tit.
1322 1904 1376 1970 56.

258 1985 412 2050 editionis
431 1990 579 2066 6666666)
602 1987 748 2066 tradunt,
771 1986 885 2068 capita
906 1985 999 2049 2-8.
1021 1985 1111 2050 tituli
1131 1988 1181 2052 60.
1206 1985 1280 2050 66666
1297 1997 1378 2070 post

258 2066 387 2132 66666666
407 2069 457 2132 56.
489 2068 544 2154 (de
565 2066 726 2155 alodibus)
752 2067 857 2133 666666
884 2068 1043 2150 babuisse,
1066 2079 1183 2152 postea
1205 2079 1312 2133 autein
1336 2070 1376 2134 in

258 2151 362 2216 666666
381 2150 486 2216 locuni
509 2159 525 2237 (
526 2153 573 2216 tit.
589 2152 647 2232 60)
669 2150 834 2216 translata
848 2174 914 2216 esse
930 2161 1079 2237 apparet.
1123 2154 1265 2234 Accedit,
1287 2155 1377 2239 quod

257 2234 346 2299 tituli
367 2257 492 2321 966966
514 2236 564 2300 63.
588 2233 642 2317 (dc
663 2235 792 2298 homine
813 2236 847 2298 in
868 2235 959 2300 hoste
982 2236 1102 2320 occiso)
1127 2246 1224 2322 66966
1245 2237 1295 2301 64.
1319 2236 1375 2321 (de

256 2317 386 2382 homine
415 2319 450 2381 in
479 2318 575 2383 domo
626 2321 734 2403 ropria
761 2319 881 2403 occiso)
916 2321 1069 2385 editionis
1098 2330 1238 2402 nostrae,
1271 2322 1330 2405 966
1358 2343 1375 2384 6

257 2401 350 2465 666666
372 2402 423 2466 63.
445 2400 527 2487 66966
548 2339 682 2467 6666666
703 2402 758 2486 (de
779 2403 907 2466 homine
929 2405 1068 2486 ingenuo
1090 2406 1146 2488 qui
1160 2405 1194 2466 in
1209 2413 1276 2468 oste
1291 2403 1375 2467 ocei-

257 2481 357 2570 ditur)
382 2486 542 2569 66696666
564 2485 740 2566 duuerunt,
762 2487 924 2550 secundae
940 2489 1054 2569 partis
1074 2487 1156 2572 lepis
1177 2487 1374 2567 1666666666,

279 2590 342 2630 666
363 2566 461 2651 669666
481 2566 627 2632 Salicum
649 2569 799 2632 imitatus·
821 2575 944 2652 (supra
962 2575 993 2647 35.
1007 2570 1046 2650 2)
1094 2579 1194 2634 666666
1216 2570 1375 2654 efficiunt.

258 2588 301 2716 be
324 2650 486 2714 66666666
513 2652 620 2736 696666
647 2650 722 2715 olim
749 2652 836 2716 tituli
862 2653 904 2717 60
952 2677 977 2715 6.
999 2593 1111 2733 2-6).
1137 2654 1188 2719 63.
1211 2655 1263 2720 64.
1291 2653 1374 2739 lepis

257 2672 444 2797 Ribuarice
459 2743 538 2818 post
558 2733 688 2799 titulum
709 2736 760 2800 56.
783 2735 823 2799 de
844 2733 929 2799 alodi
953 2757 1001 2818 us,
1026 2746 1145 2821 postca
1166 2739 1292 2803 demum
1309 2760 1375 2821 pei·

257 2815 366 2881 tit-ulos
386 2817 521 2882 57-59.
544 2819 585 2882 60
606 2824 650 2901 (c.
674 2821 722 2899 1).
744 2819 795 2888 61.
817 2818 868 2883 62.
890 2818 958 2884 6666
979 2824 1066 2885 moti.

341 2900 551 3050 Argumentis
573 2902 718 2986 prolatis
746 2903 997 2986 demonstratur,
1029 2905 1140 2969 titulos
1167 2903 1303 2968 57-59.
1331 2905 1374 2968 60

258 2991 302 3068 (0.
319 2985 366 3066 1).

411 2986 439 3049 1.
458 2986 509 3050 62.
531 2984 612 3071 lepis
632 2987 818 3050 1666666666
834 2996 966 3070 postero
989 2988 1114 3054 demum
1134 2998 1274 3072 tempore
1295 3010 1373 3069 eum,

257 3090 350 3215 99666
372 3091 460 3133 6666
483 3078 653 3153 occupant,
675 3069 780 3135 666666
802 3070 978 3135 obtinuisse
999 3073 1159 3136 secundae
1177 3074 1273 3156 paui
1292 3070 1374 3156 lepis

10 3131 15 3183 j
28 3120 40 3205 :J
152 3168 187 3218 sp.
198 3168 248 3211 191.
289 3153 442 3216 66666666
457 3154 606 3216 insertos.
642 3153 741 3216 Tituli
751 3153 922 3217 57-6218.
938 3152 1072 3219 laudati
1085 3155 1170 3219 non*
1186 3156 1225 3218 ab
1242 3163 1374 3218 auctore

257 3234 420 3299 secundae
430 3236 543 3318 partis
558 3237 736 3318 compositi,
759 3235 897 3298 sedium
911 3236 1077 3320 pefectae
1096 3239 1191 3320 parti
1211 3237 1374 3300 secundae

258 3318 367 3383 additi
381 3327 467 3382 sunt.
513 3317 754 3391 Quamobrem
775 3318 929 3402 66966666
950 3341 1073 3403 966966
1094 3318 1188 3383 uodo
1210 3317 1298 3381 tituli
1314 3320 1373 3381 isti

258 3424 280 3464 a
301 3401 447 3465 secunda
463 3410 561 3484 parte
582 3400 664 3485 lepis
677 3401 864 3465 1666666666
886 3401 1084 3483 discrepant.
1126 3401 1266 3463 Numeri
1286 3401 1372 3463 enim

256 3484 435 3549 6666666666
457 3485 494 3548 66
517 3483 620 3548 titulis
642 3484 778 3550 57-62.
791 3484 868 3566 fece
889 3506 1013 3567 semper
1027 3484 1171 3547 6666666
1187 3480 1370 3546 6666666666-

257 3566 316 3631 bus
337 3567 576 3651 capiimuntuc.
620 3566 724 3631 semet
745 3576 872 3631 tantuin
893 3568 958 3650 (tit.
980 3565 1032 3647 58,
1054 3591 1080 3630 6.
1096 3567 1133 3645 6)
1156 3566 1284 3629 numeri
1306 3565 1371 3628 dis-

256 3652 405 3716 tributiui
437 3650 663 3734 multiplicati,
703 3650 820 3734 quibus
856 3658 970 3714 auctor
996 3649 1158 3714 secundae
1180 3650 1294 3733 partis
1323 3651 1372 3712 uti

256 3732 344 3815 sobet,
367 3743 543 3799 occurrunt
564 3733 643 3818 (cfr.
665 3755 771 3818 supra
793 3739 823 3816 ξ.
846 3734 893 3814 3).

342 3815 434 3891 Quae
462 3840 515 3882 666
544 3819 641 3880 666666
669 3818 743 3900 ipso
771 3827 858 3881 teatu
885 3817 921 3880 iu
952 3815 1057 3881 titulis
1084 3814 1220 3882 57-62.
1248 3817 1370 3880 tradito

256 3901 477 3982 confirmatur,
521 3901 686 3964 Habemus
714 3903 800 3966 66666
821 3903 858 3965 66
880 3899 984 3964 titulis
1005 3899 1140 3966 57-62.
1170 3902 1369 3965 constitutio-

257 4031 304 4099 12)
324 4032 380 4100 cfr.
399 4033 477 4086 etiam
496 4034 578 4086 666666
597 4033 740 4085 Gudianus
760 4031 799 4099 (B
819 4035 875 4100 19),
900 4034 948 4101 966
965 4035 1040 4087 titulo
1061 4035 1105 4086 60.
1124 4031 1247 4086 editionis
1265 4040 1371 4085 nostroe

257 4106 345 4167 (titulo
366 4105 409 4158 62.
428 4107 531 4158 litterae
550 4109 687 4174 culpatos)
707 4107 843 4159 66666666
860 4108 993 4159 inscribit:
1010 4110 1052 4159 Do
1072 4112 1260 4160 testamentum
1278 4122 1371 4172 regum

255 4179 300 4230 vel
319 4180 353 4230 de
373 4179 561 4233 traditionibus
580 4197 628 4232 seu
648 4181 682 4231 ds
700 4182 814 4234 testibus
834 4181 1005 4233 adhibendis.
1099 4178 1145 4246 13)
1165 4179 1290 4246 Eaccptis
1309 4178 1372 4230 solis

180 4244 184 4250 ’
256 4270 278 4304 6.
299 4251 380 4306 2-8.
397 4253 437 4304 tit.
457 4253 501 4304 60.
