2956 4944
593 307 874 393 nuxnrrunmn.
1277 337 1313 390 co

636 529 659 583 r
678 528 780 583 coru.
799 510 840 583 Α.

256 654 289 725 3.
318 651 426 739 Quod
446 651 479 725 si
499 674 544 723 ex
562 649 636 744 his,
661 649 724 747 qui
747 648 961 748 conscripta
974 650 1035 723 vel
1054 649 1192 723 tradita
1213 661 1313 744 sunt,

154 752 267 826 simul
288 750 579 849 consumpserit,
597 749 690 822 nihil
709 750 889 848 requirat.

643 886 831 960 XXXVlll.
1320 900 1416 955 aare.

256 1007 296 1081 Si
318 1008 402 1106 quis
421 1007 614 1080 hominem
635 1007 876 1081 innocentem
896 1007 940 1078 ad
961 1030 1092 1104 regem
1113 1031 1314 1081 accusave-

153 1110 214 1204 rit,
234 1110 431 1206 sexaginta
450 1109 593 1182 solidos
613 1107 811 1206 culpabilis
831 1106 1027 1180 iudicetur.

654 1244 805 1316 XXXIX.

256 1365 295 1439 Si
322 1365 405 1461 quis
434 1365 636 1462 ingenuam
670 1363 871 1436 mulierem
899 1385 1053 1434 manum
1080 1362 1313 1455 extrinxerit,

157 1468 203 1539 15
232 1465 375 1538 solidos
405 1464 604 1563 culpabilis
630 1463 825 1537 iudicetur.
864 1463 974 1536 Certe
1008 1462 1040 1536 si
1071 1487 1185 1560 super
1210 1465 1314 1562 cupi·

155 1568 244 1640 dum
264 1583 417 1638 manum
437 1557 594 1662 miserit,
613 1566 662 1639 30
681 1564 823 1639 solidos
843 1564 1035 1638 multetur.

697 1702 769 1776 XL.

256 1823 295 1898 Si
331 1822 415 1920 quis
454 1821 640 1896 caballum
685 1832 791 1895 extra
832 1819 1034 1895 consilium
1076 1819 1218 1893 domini
1253 1820 1312 1895 sui

154 1926 380 2018 ascenderit,
402 1928 451 1998 30
470 1923 612 1997 solidos
631 1921 831 2022 culpabilis
851 1922 1049 1995 iudicetur.

686 2059 774 2133 XLl.
1322 2074 1409 2133 aaut.

260 2189 289 2252 1.
318 2178 358 2252 si
378 2178 462 2276 quis
482 2177 672 2277 ingenuus
694 2178 902 2276 ingenuum
922 2175 1098 2275 ligaverit
1123 2186 1160 2249 et
1181 2176 1214 2248 ei
1237 2176 1313 2248 cul·

638 2394 782 2450 acono.
804 2377 846 2450 Β.

261 2518 290 2581 3.
315 2516 408 2589 Quod
425 2513 450 2575 si
467 2534 506 2576 ex
521 2514 587 2588 his,
606 2533 690 2596 quae
705 2516 882 2597 conscripta
906 2514 955 2576 vel
977 2514 1093 2576 tradita
1116 2518 1198 2586 sunt,
1222 2512 1314 2576 simul

155 2600 419 2682 consumpserint,
442 2598 519 2660 nihil
540 2602 691 2681 requirat.
1062 2627 1064 2629 ·

700 2720 764 2781 XL.
1321 2740 1343 2782 p·
1357 2723 1411 2773 233.

155 2824 205 2885 De
221 2841 265 2884 eo
282 2822 345 2904 qui
360 2822 554 2884 hominum
569 2823 818 2884 innocentem
834 2821 880 2883 ad
896 2839 1028 2901 regem
1049 2820 1312 2883 accusaverit.

260 2924 292 2984 Si
335 2924 404 3004 quis
447 2923 607 2985 hominem
648 2924 846 2985 innocentem
890 2903 1073 3004 adlregcm
1110 2923 1313 2994 accusaverit,

154 3011 196 3074 60
211 3007 319 3070 solidis
342 3006 505 3088 culpabilis
527 3007 691 3068 iudicetur.

697 3126 776 3188 XLl.

155 3231 208 3292 De
241 3250 288 3293 eo
320 3229 391 3312 qui
421 3229 623 3312 ingenuae
645 3227 985 3375 tmulieritmannm
1018 3228 1079 3290 vel
1107 3228 1313 3291 brachium

623 3331 838 3376 srrnxerr.

260 3415 292 3478 Si
326 3416 395 3498 quis
428 3416 582 3498 ingenuae
610 3414 732 3478 mulieri
762 3432 887 3476 manum
921 3414 1097 3488 strinxerit,
1132 3418 1170 3481 15
1204 3414 1313 3476 solidis

155 3498 317 3581 culpabilis
339 3500 503 3565 iudicetur.
558 3499 650 3564 Certe
683 3499 709 3563 si
739 3518 835 3581 super
864 3497 999 3560 cubitum
1030 3517 1158 3560 manum
1186 3497 1314 3572 miserit,

154 3588 196 3651 30
212 3583 321 3646 solidis
344 3583 501 3647 multetur,

690 3666 783 3728 XLll.

196 3770 248 3830 De
271 3768 437 3832 caballo
460 3779 575 3831 extra
599 3768 815 3831 consilium
839 3767 985 3828 domini
1008 3767 1065 3828 sui
1089 3785 1271 3829 ascenso.

260 3872 292 3933 Si
315 3871 384 3953 quis
414 3870 569 3933 caballum
592 3884 681 3933 extra
704 3888 891 3933 consensum
914 3867 1032 3930 domini
1056 3868 1103 3931 sui
1126 3870 1313 3943 ascenderit,

154 3958 195 4022 30
217 3955 328 4019 solidis
350 3955 513 4036 culpabilis
534 3956 698 4017 iudicetur.

677 4074 785 4137 Xffll.
1320 4079 1409 4142 pm

428 4179 480 4241 De
501 4177 753 4261 ligaminibus
775 4176 1044 4258 ingenuorum.

263 4284 289 4347 1.
323 4282 355 4345 Si
390 4282 459 4364 quis
491 4282 645 4364 ingenuus
675 4281 843 4363 iugenuam
871 4278 1013 4362 ligaverit
1040 4285 1072 4339 ct
1098 4278 1163 4340 eius
1187 4278 1313 4360 culpam
