2956 4944
601 336 680 394 LEX
698 335 885 395 arantum.

645 530 669 584 r
688 529 790 586 coru.
809 514 849 587 Α.

164 648 427 724 ecclesiastico
463 662 702 724 sacramento
734 649 808 725 lide
838 652 992 745 fecerit,
1029 677 1144 751 super
1175 665 1322 753 septem

163 751 285 825 noctis
305 749 479 824 coniurit.
515 750 557 824 Si
571 750 763 847 Ribuario,
782 776 897 851 super
920 758 966 828 14
985 753 1126 850 noctis3
1147 755 1325 830 similiter

164 861 202 924 et
219 850 419 925 Ribuarius
439 851 473 926 ei
493 851 620 926 faciat.

702 953 789 1027 LlX.

267 1076 297 1143 1.
339 1070 379 1144 Si
407 1071 493 1169 quis
513 1070 621 1145 alteri
641 1071 783 1170 aliquid
804 1072 967 1147 vinderit
986 1086 1024 1148 et
1044 1087 1192 1173 emptor
1209 1087 1323 1151 testa·

162 1181 333 1244 mentum
364 1171 591 1245 vindicionis
625 1171 798 1269 accipere
830 1173 1006 1271 voluerit7
1038 1174 1077 1247 in
1108 1176 1223 1250 mallo
1249 1178 1422 1253 hoen-2⁴⁸·

161 1272 288 1345 facere
302 1271 502 1366 voluerit*‚
520 1271 692 1369 precium
711 1273 748 1344 in
767 1285 967 1370 praesente
985 1279 1121 1371 tradat,
1142 1289 1179 1351 et
1197 1303 1281 1353 rem
1291 1277 1324 1311 **

161 1373 338 1470 accipiat,
369 1381 407 1445 et
432 1383 702 1446 testamentum
729 1373 872 1470 publici
901 1376 1169 1450 conscribatur.
1215 1379 1323 1467 Quod

161 1472 194 1545 si
214 1497 329 1570 parva
349 1498 411 1546 res
431 1472 556 1568 fuerit,
577 1484 725 1570 septem
747 1473 905 1547 testibus
924 1474 1116 1571 firmetur3
1144 1478 1177 1550 si
1196 1490 1324 1553 autem

160 1597 313 1672 magna,
332 1572 532 1647 duodecim
550 1576 759 1647 roboretur.

264 1680 288 1753 *l
306 1686 347 1737 aie
368 1681 431 1736 l.2.
446 1682 471 1738 6.
485 1683 517 1750 7,·
537 1685 613 1739 deest
630 1682 661 1746 b;
682 1679 714 1734 et
732 1682 766 1752 ³,·
786 1673 881 1735 debet
899 1685 925 1741 4.
946 1684 980 1752 9;
1000 1676 1094 1737 debet
1116 1682 1147 1737 et
1165 1686 1193 1740 8.
1216 1685 1257 1739 10.
1280 1687 1323 1743 11.

249 1759 288 1826 **)
308 1761 326 1811 t
347 1770 370 1811 e.
389 1772 491 1811 ramum
516 1773 575 1811 cum
599 1761 698 1826 cespite
720 1759 753 1812 de
771 1762 846 1813 terra
864 1763 931 1828 ipsu,
957 1776 1025 1831 quac
1043 1764 1123 1831 veuit,
1148 1760 1199 1829 cfr.
1218 1764 1257 1815 tit.
1278 1761 1324 1826 60,

307 1854 330 1892 o.
352 1837 382 1892 1.·
405 1828 642 1908 possessionem
665 1828 806 1911 accipiat.
851 1838 915 1895 Cura
940 1857 1016 1896 ramo
1041 1849 1067 1897 et
1085 1848 1184 1913 cespite
1202 1848 1230 1898 in
1248 1861 1323 1915 cusu,

307 1913 340 1965 de
353 1927 403 1982 quo
417 1916 491 1969 tituto
504 1920 596 1969 nostro
610 1918 706 1986 unitur,
720 1921 797 1969 carto
811 1917 844 1969 de
857 1919 932 1968 terra
944 1915 1055 1969 leuatur.
1080 1915 1136 1986 Cfr.
1147 1917 1179 1971 Η.
1191 1918 1322 1989 Breviter,

309 1984 374 2039 ‘Zur
393 1987 635 2057 decltsycrcltclte
654 1990 704 2044 der
726 1989 858 2043 Urlunde'
877 1988 893 2041 1
909 1984 1016 2055 (1880)
1033 2005 1059 2056 p.
1079 1989 1143 2044 264.

260 2077 295 2149 2.
333 2076 381 2150 Et
405 2079 437 2151 si
465 2078 549 2175 quis
573 2079 610 2151 in
637 2091 833 2178 posterum
858 2079 932 2151 hoc
955 2080 1150 2179 refragare
1173 2083 1234 2154 vel
1255 2083 1323 2154 fal-

160 2199 246 2249 sare
270 2177 446 2273 voluerit,
474 2203 497 2250 a
517 2179 676 2253 testibus
701 2179 958 2275 convincatur⁷
980 2190 1045 2252 aut
1073 2180 1322 2255 cancellarius

161 2300 247 2349 cum
266 2290 545 2352 sacramentum
566 2278 894 2377 interpositionem
915 2304 1000 2352 cum
1016 2279 1134 2353 simili
1150 2306 1321 2377 numero,

161 2401 323 2476 quorum
341 2381 518 2453 roborata
536 2392 607 2474 est,
627 2382 797 2456 etuniare
817 2382 978 2454 studeat.

262 2481 296 2553 3.
350 2479 457 2567 Quod
486 2481 518 2555 si
548 2493 649 2556 carta
678 2482 716 2555 in
749 2481 890 2556 iudicio
925 2483 1118 2580 perforata
1153 2484 1418 2559 etuniatamu·

159 2579 284 2674 fuerit,
312 2590 402 2655 tunc
427 2580 496 2677 illi,
524 2583 588 2682 qui
617 2607 772 2659 causam
800 2582 1055 2683 prosequitur,
1080 2584 1186 2684 tupla
1214 2611 1321 2685 repe-

642 2855 786 2910 rcorr.
806 2837 848 2908 B.

158 2978 358 3031 sacramento
381 2968 476 3032 fidem
499 2970 619 3044 lecerit,
642 2989 738 3051 super
761 2978 881 3051 septem
905 2979 1013 3033 noctes
1029 2973 1180 3036 coniuret.
1217 2974 1248 3036 Si
1264 2975 1322 3037 Ri-

157 3053 281 3127 buerio,
311 3071 407 3136 super
435 3054 688 3135 quattuordecim
721 3061 845 3131 noctes3
876 3055 1019 3118 similiter
1048 3064 1079 3119 et
1102 3057 1268 3120 Ribuarius
1292 3059 1319 3120 ei

155 3137 261 3200 saciat.

696 3222 776 3285 th.

531 3325 585 3387 De
615 3324 939 3388 venditionibus.

263 3429 291 3494 l.
319 3426 351 3489 Si
372 3427 442 3508 quie
458 3427 550 3490 alteri
569 3427 685 3510 aliquid
706 3427 881 3489 vendiderit
901 3428 945 3491 'et
959 3435 1085 3510 emptor
1100 3437 1369 3510 testamentum*,.
1386 3450 1437 3501 ue.

154 3528 343 3593 venditionis
366 3528 508 3611 accipere
537 3528 682 3603 voluerit,
714 3531 746 3592 in
778 3532 874 3593 mallo
908 3531 969 3592 boc
996 3531 1102 3594 iacere
1131 3518 1254 3611 (lebet,
1282 3530 1320 3591 et

154 3612 288 3696 pretium
318 3613 350 3673 in
380 3622 546 3694 praesente
575 3616 690 3687 tradat,
720 3623 751 3676 et
780 3635 847 3676 rem
872 3614 1015 3696 accipiat,
1045 3622 1077 3676 et
1098 3621 1319 3677 testamentum

177 3696 279 3759 ublice
301 3698 528 3760 conscribatur.
567 3697 660 3771 Quod
684 3699 710 3761 si
733 3717 832 3780 parva
855 3718 905 3760 res
920 3698 1026 3771 fuerit,
1049 3707 1170 3780 septem
1187 3699 1319 3763 testibus

153 3718 317 3856 lirmetur3
340 3783 367 3843 si
389 3788 494 3843 autem
517 3801 641 3865 magna,
665 3784 902 3849 irroboretur.

260 3868 289 3931 2.
322 3865 361 3927 Et
383 3866 408 3926 si
431 3866 501 3947 quis
523 3864 554 3926 in
576 3874 738 3947 posterum
762 3867 824 3928 boc
844 3866 998 3948 refragari
1021 3865 1069 3928 vel
1091 3865 1207 3930 falsare
1223 3869 1319 3930 volu-

154 3949 222 4022 erit,
254 3968 272 4011 a
301 3947 435 4013 testibus
464 3951 681 4024 convincatur,
712 3957 767 4012 aut
794 3949 999 4014 cancellarius
1029 3968 1099 4012 eum
1129 3955 1319 4015 sacramenti

151 4033 394 4179 intepipositione
416 4053 486 4096 cum
502 4033 594 4095 simili
609 4053 752 4107 numero,
775 4053 908 4115 quorum
925 4038 1079 4098 roborata
1095 4042 1154 4110 est,
1170 4036 1316 4099 idoneam

153 4137 211 4181 con
238 4127 327 4182 rmet.

258 4204 288 4269 3.
326 4200 419 4277 Quod
444 4203 470 4265 si
492 4201 633 4264 certain
655 4201 772 4264 iudicio
796 4201 960 4285 perforata
981 4202 1096 4266 idonea
1119 4203 1221 4276 tuerit,
1244 4213 1317 4266 tunc
1331 4213 1414 4273 ntra.

152 4284 215 4358 ille,
246 4285 299 4366 qui
322 4306 448 4351 cuasam
472 4287 686 4368 prosequitur,
716 4285 811 4367 dupla
834 4285 1022 4367 repetitione
1045 4286 1206 4370 culpabilis
1229 4286 1316 4350 iudi-
