2956 4944
220 322 272 376 114
686 319 905 377 PRAEFATIO.

218 492 289 574 bus,
313 490 475 579 quomodo
503 499 559 556 aut
581 489 718 578 qualiter
744 492 787 556 ed
814 491 968 578 placitum
989 512 1048 576 per
1068 491 1211 557 bannum
1233 489 1375 557 debeant

114 597 148 650 ψ.
161 599 210 641 ero.
220 577 328 642 venire
360 582 404 659 (c.
426 575 496 657 43).
545 576 623 640 Item
657 575 753 640 aliud
781 576 980 660 capitulum:
1016 575 1082 640 *De
1109 585 1205 661 raptu
1235 580 1279 657 (c.
1302 575 1373 656 45).

219 661 388 726 Neminem
402 660 508 746 sapit,
532 661 609 724 haec
625 660 774 744 capitula
793 658 948 724 cumillis
966 661 1148 740 conuenire,
1171 682 1264 744 quae,
1286 662 1375 744 capi-

220 743 286 810 tula
300 744 471 808 missorum
487 743 670 828 appellata,
686 752 789 807 aetate
804 742 1065 828 Karalinporum
1075 744 1183 807 missis
1199 743 1375 809 dominicis

219 829 394 898 memoriae
424 848 522 892 cause
549 827 798 892 tradebantur¹.
852 827 1095 912 Interropatum
1123 828 1230 911 ipitur
1258 836 1304 891 eet
1333 828 1374 892 de

219 915 293 977 iure
314 913 519 976 Francorum
543 911 782 978 Chamavorum
810 933 832 974 a
859 912 978 991 missis,
1008 913 1067 994 qui
1094 910 1245 994 capitula
1270 911 1372 975 inter-

219 998 430 1082 ropationum
458 1017 566 1059 secam
585 993 752 1079 ferebant.
799 992 888 1068 Quos
916 995 1032 1059 missos
1059 994 1240 1058 dominicos
1257 993 1374 1079 fuisse

220 1104 242 1144 a
262 1101 338 1165 repe
358 1080 563 1143 Francorum
584 1078 731 1159 directos,
756 1080 888 1162 reipsa
910 1079 993 1142 eatis
1015 1086 1166 1162 apparet.
1197 1078 1375 1163 Responsa

221 1173 327 1227 autem
343 1185 409 1227 non
424 1163 556 1261 scripto,
575 1162 632 1225 sed
645 1184 719 1225 ooce
736 1162 817 1226 data
832 1171 922 1244 erent,
938 1170 1055 1245 postea
1069 1161 1187 1226 litteris
1200 1162 1373 1243 mandata,

220 1248 257 1312 id
279 1247 366 1347 quod
387 1247 603 1329 inscriptione
632 1244 733 1311 libelli
758 1249 865 1310 nostri
881 1246 1054 1330 probatur,
1084 1268 1157 1310 cura
1183 1245 1236 1308 len
1257 1254 1374 1310 nostra

220 1330 334 1395 notitia
355 1326 408 1394 vel
430 1330 690 1394 commemoratio
719 1329 912 1414 appelletur.
955 1328 1077 1392 Notitiu
1098 1330 1182 1394 enim
1204 1329 1374 1393 documen·
1437 1336 1441 1343 '

221 1423 288 1478 tum
309 1422 363 1495 eet,
388 1413 475 1498 quod
498 1423 603 1477 actum
626 1415 714 1477 iuris
733 1436 799 1477 non
811 1422 1016 1496 praesentem
1031 1414 1172 1477 continet
1187 1417 1240 1494 (ut
1255 1416 1373 1495 certa),

221 1498 278 1562 sed
296 1499 511 1581 praeteritum
527 1497 679 1581 prohat³.
724 1496 890 1561 Habemus
914 1497 1020 1581 ipitur
1042 1506 1117 1560 ante
1140 1495 1246 1561 ocrdoe
1267 1496 1373 1562 libello

220 1591 330 1647 nostro
354 1589 429 1645 octa
450 1582 688 1666 inquisitionis,
717 1602 816 1666 quam
842 1582 934 1644 missi
962 1581 1122 1644 dominici
1148 1582 1185 1644 in
1213 1589 1375 1646 conventu

217 1664 340 1751 populi
361 1665 400 1730 de
422 1665 494 1729 iure
515 1663 721 1729 Francorum
745 1663 985 1730 Chamavorum
1005 1666 1228 1729 instituerunt.

225 1769 227 1773 ’
305 1747 464 1813 Karolnm
479 1748 641 1832 Mcpnum
664 1769 737 1811 cum
757 1757 876 1812 constet
892 1756 970 1833 poet
990 1749 1036 1811 im
1061 1749 1240 1812 oratoriam
1263 1748 1374 1834 dipni-

220 1840 317 1896 tatem
340 1833 493 1914 adeptam
521 1830 645 1916 lepihus
667 1831 892 1915 popularibus
921 1770 1141 1896 descmdhndie
1162 1852 1297 1916 operam
1319 1832 1373 1896 de·

222 1915 345 1996 disee⁴,
377 1913 517 2015 libellum
546 1924 693 1979 nostrum
721 1915 850 1980 saeculo
878 1938 965 1981 nono
994 1917 1127 1981 ineunte
1153 1919 1375 2000 conscriptam

221 2020 298 2081 cese,
321 2001 480 2063 conticere
496 2019 682 2082 poseamus.

304 2081 409 2169 Atque
425 2081 615 2166 Stephanae
651 2083 759 2148 uidem
774 2082 947 2164 Baluciue,
967 2084 1022 2147 nir
1036 2084 1252 2165 clarissimae,
1273 2084 1375 2170 lepem

221 2175 367 2232 orostram
396 2166 582 2250 capitulare
635 2169 722 2232 eroli
743 2168 863 2254 Mapni
880 2170 1015 2252 putavit
1036 2190 1112 2250 esee,
1134 2189 1206 2232 eam
1227 2191 1267 2231 ue
1288 2170 1376 2232 inter

222 2250 428 2336 capitularia
456 2274 570 2338 repam
592 2253 796 2316 mancorum
825 2251 935 2334 (1772,
964 2261 1037 2316 tom.
1059 2252 1087 2332 Ι,
1106 2273 1141 2335 p.
1162 2191 1243 2332 34l)
1270 2253 1376 2316 edidit

219 2337 270 2399 ita
290 2335 506 2419 inscriptam:
529 2332 714 2434 (lepitulere
736 2335 863 2399 tertium
885 2337 961 2399 enni
982 2335 1053 2399 813.
1076 2336 1144 2399 sive
1166 2333 1308 2422 capitula
1321 2338 1374 2406 46.

220 2415 261 2482 de
283 2418 405 2482 caussis
425 2419 613 2482 necessarus
635 2418 791 2483 ecclesiae
805 2419 869 2483 Dei
889 2428 922 2484 et
941 2417 1061 2505 populo
1083 2418 1266 2499 christiano,
1289 2418 1376 2501 dete,

220 2511 256 2567 ut
276 2501 414 2583 videtur,
441 2501 470 2564 A
494 2503 638 2588 uisgrsni
659 2503 693 2565 in
714 2501 855 2586 generali
876 2502 989 2589 populi
1011 2512 1172 2568 conventu
1194 2524 1278 2567 enno
1300 2505 1374 2587 813,

221 2607 333 2650 mense
356 2585 487 2669 Septem
511 2586 549 2654 ri.
595 2585 718 2652 Contra
741 2585 780 2654 Cr.
798 2587 841 2649 H.
856 2587 948 2650 Pertz
969 2588 997 2650 h.
1019 2611 1071 2668 m,
1092 2587 1161 2673 lepe
1182 2597 1298 2652 nostra
1319 2591 1375 2653 ius

218 2673 306 2756 papi
326 2669 504 2735 Xanteneis
532 2672 695 2735 contineri
722 2672 950 2735 enietimaoit⁵.
997 2668 1088 2744 Quas
1110 2672 1281 2756 opiniones
1296 2681 1376 2774 poet

222 2754 289 2818 Iac.
323 2752 448 2817 Crimm
491 2762 519 2818 et
563 2753 647 2818 alios
688 2753 846 2839 refutauit
880 2755 1045 2839 imprimis
1079 2757 1134 2820 nir
1169 2758 1376 2823 doctissimus

222 2963 251 3031 2)
272 2960 327 3030 Cir.
339 2960 372 3014 A.
386 2961 520 3028 Boretiue,
540 2962 601 3014 ‘Die
620 2961 802 3029 Capitulorien
820 2964 856 3014 im
874 2963 1150 3032 Lonpohordenrcich.
1181 2964 1264 3017 Helle
1285 2963 1374 3030 1864’,

216 3053 246 3103 p.
269 3037 312 3087 17.
342 3063 376 3073 -
409 3035 483 3098 Quae
508 3035 537 3086 in
563 3037 617 3104 lepe
642 3045 735 3089 nostra
760 3037 792 3088 dc
818 3037 943 3104 capitulis
969 3036 1032 3101 illis,
1058 3054 1126 3103 quoe
1151 3036 1226 3089 missi
1247 3038 1376 3090 dominici

220 3124 308 3160 secum
328 3109 485 3172 attulerant,
502 3107 619 3160 inveniri
631 3116 754 3175 possunt,
774 3108 843 3176 typis
862 3108 944 3161 lolius
958 3110 1055 3177 positis
1074 3110 1193 3163 dietinai.
1268 3113 1299 3178 3)
1319 3111 1375 3176 Cfr.

221 3181 260 3232 Η.
274 3182 408 3245 Brunner,
429 3181 520 3233 ‘Curta
538 3182 596 3232 smol
610 3181 713 3233 Notitia
726 3181 887 3250 (Feetpahen
900 3185 952 3249 fiir
964 3181 1124 3249 Mommsen'‚
1147 3183 1241 3250 1877),
1250 3201 1279 3250 p.
1291 3187 1307 3234 h
1318 3201 1375 3251 sqq.

221 3253 258 3306 Η.
278 3254 414 3316 Brunner,
441 3252 506 3304 ‘Zur
524 3254 763 3323 Rechtspesohichte
786 3255 835 3306 der
856 3256 1004 3308 simischen
1027 3258 1085 3308 und
1101 3257 1302 3324 perinanischen
1325 3257 1374 3308 Ur·

221 3327 317 3379 husede’
336 3327 355 3378 I
371 3327 479 3395 (1880),
494 3344 525 3393 p.
546 3329 597 3377 211
617 3344 673 3395 sqq.
747 3328 776 3394 4)
793 3328 846 3393 cyr.
865 3330 1002 3382 Einhardi
1026 3330 1086 3381 Vita
1105 3329 1201 3382 Karoli
1227 3330 1262 3382 M.
1283 3347 1305 3382 c.
1326 3331 1376 3382 29.-

222 3402 348 3453 Omnium
367 3401 513 3464 uetionum,
533 3417 601 3467 quae
619 3403 668 3453 sub
688 3404 745 3453 eius
765 3402 904 3454 dominatu
923 3410 1007 3467 erent,
1025 3405 1093 3464 iure,
1113 3421 1181 3471 quae
1201 3406 1302 3471 scripte
1320 3421 1374 3456 non

223 3480 311 3535 erant,
338 3474 491 3526 describere
517 3489 550 3525 ao
574 3474 670 3526 litteris
696 3475 818 3525 mundari
842 3476 915 3527 iecit.
957 3475 1059 3528 Annei.
1077 3476 1252 3528 Loureshom.
1273 3495 1300 3530 u.
1320 3477 1374 3528 802

225 3546 329 3614 (Pente,
355 3547 475 3599 Monam.
495 3544 592 3613 Soript.
609 3546 634 3610 I,
655 3564 686 3613 p.
706 3549 767 3612 39l²
797 3550 941 3615 imperator
964 3577 1000 3587 -
1020 3577 1052 3587 -—
1081 3552 1256 3618 congregavit
1281 3552 1373 3617 duces,

224 3623 335 3672 comites
363 3627 390 3672 et
414 3622 517 3688 reliquo
544 3622 688 3672 christiano
708 3621 807 3689 populo
827 3639 887 3672 cum
906 3621 1113 3688 legislatoribus,
1140 3629 1167 3674 et
1189 3625 1256 3675 fecit
1280 3641 1375 3676 omues

223 3693 299 3760 leges
317 3710 380 3745 sues
399 3696 426 3744 iu
452 3711 534 3760 regno
558 3711 606 3746 suo
632 3694 688 3759 legi
713 3701 740 3746 et
764 3695 835 3746 tradi
860 3696 1005 3762 uuicuique
1024 3697 1125 3748 homini
1144 3697 1232 3763 legem
1252 3714 1325 3749 errem
1347 3705 1375 3749 et

224 3766 376 3832 emendare,
402 3768 564 3834 ubicumque
589 3783 700 3820 necesse
723 3769 781 3832 fuit,
806 3773 833 3819 et
848 3769 1018 3820 emendatum
1037 3770 1126 3835 legem
1146 3772 1275 3835 scribere,
1300 3777 1327 3822 et
1345 3778 1376 3823 ut

223 3839 327 3890 iudices
351 3856 400 3905 per
424 3843 552 3908 scriptum
577 3842 744 3893 iudicassent
763 3848 789 3893 et
808 3858 918 3892 munere
935 3860 988 3893 non
1008 3845 1184 3911 accepissent,
1208 3844 1256 3896 sed
1281 3861 1376 3896 amnes

224 3914 355 3975 homiues,
373 3929 505 3980 pauperes
519 3919 546 3965 et
560 3914 665 3977 divites,
684 3917 712 3965 in
725 3932 808 3980 regno
819 3921 869 3967 'suo
882 3919 1011 3967 iustitiam
1025 3918 1191 3969 habuissent.
1248 3919 1277 3984 5)
1287 3917 1375 3981 Pente,

224 3985 344 4036 Monam.
355 3984 419 4053 Lep.
430 3987 455 4049 1,
462 4005 492 4052 p.
504 3986 548 4039 35.
588 3985 712 4055 ‘Cdttinp
727 3988 784 4040 Get.
796 3987 863 4041 Anu.
880 3989 959 4052 1835,
980 3987 1060 4040 Stich
1081 3990 1141 4040 163.
1164 3988 1233 4042 164’.
1265 3988 1375 4042 ‘Archia

224 4060 273 4110 der
292 4058 466 4125 Geselischaft
477 4060 530 4125 seir
548 4061 670 4112 deutsche
690 4061 936 4114 Ceschichtshunde'
962 4063 1008 4126 VI,
1024 4081 1054 4128 p.
1076 4062 1144 4124 715,-
1175 4063 1238 4127 VII,
1260 4081 1289 4128 p.
1312 4065 1376 4116 753.

225 4129 368 4183 ‘Athandl
386 4133 413 4183 d.
433 4131 529 4198 hhnipl.
548 4131 692 4186 Ahodemie
717 4136 766 4187 der
796 4136 868 4190 Wies.
893 4153 927 4186 nu
950 4135 1061 4198 Berlin',
1092 4136 1171 4200 1848,
1194 4154 1224 4202 p.
1244 4139 1296 4187 411
1317 4153 1375 4203 sqq.

226 4203 281 4271 Cir.
301 4205 411 4271 infrac.
435 4206 533 4269 10.11,
559 4206 605 4257 uhi
624 4207 700 4259 Pcrts
729 4209 835 4261 vocibus
861 4212 889 4260 in
908 4212 1018 4272 sanctis,
1043 4212 1223 4276 insanorum,
1248 4212 1277 4261 in
1302 4209 1377 4276 loco,

226 4281 272 4344 qui
292 4279 396 4345 dieitur,
416 4285 546 4344 sanctum,
564 4280 695 4334 civitatem
713 4282 818 4336 Xonten
837 4282 983 4351 sipnt'fioari
1001 4281 1170 4336 enisumaoit.
