2956 4944
659 344 734 402 LEX
752 345 939 404 attonuit.

702 539 725 593 a
744 538 847 594 conr.
866 521 907 597 Α.

222 659 438 759 praesentia
457 659 618 734 testibus
638 659 812 758 recipiat,
832 661 935 757 etei,
956 661 1019 758 qui
1039 685 1120 735 rem
1140 686 1250 736 suam
1269 662 1390 738 inter·

223 760 357 857 ciavit,
409 760 655 860 probabiliter
705 763 889 836 ostendat.
961 763 1008 836 Et
1050 773 1141 836 ωηο
1193 762 1277 861 ipse
1336 767 1387 839 de

222 875 357 962 taxaga
389 887 546 937 securus
578 860 650 956 sit,
689 872 727 936 et
759 861 845 957 ille,
875 863 939 960 qui
973 863 1206 960 interciavit,
1244 876 1386 965 texaga

223 976 260 1039 et
279 963 440 1039 dilatura
459 965 504 1037 ad
526 987 611 1037 eum
631 962 810 1061 requirat,
831 966 894 1059 qui
914 965 1065 1040 solvere
1085 964 1221 1063 coepit.
1272 1036 1276 1040 ,

295 1138 298 1146 ,
324 1069 357 1140 3.
385 1065 492 1153 Quod
513 1065 544 1138 si
563 1075 695 1138 auctor
713 1090 804 1139 suos
818 1065 966 1139 venerit
985 1076 1022 1139 et
1040 1091 1122 1140 rem
1141 1066 1385 1141 interciatam

222 1165 392 1264 recipere
411 1164 616 1259 rennuerit,
632 1177 723 1238 tunc
738 1164 805 1257 illi,
830 1191 946 1263 super
960 1191 1072 1264 quem
1095 1167 1294 1242 interciata
1311 1181 1384 1265 est,

223 1267 384 1365 capitale
405 1278 442 1341 et
461 1267 624 1341 dilatura
643 1269 764 1365 adque
783 1279 921 1368 texaga
943 1269 1094 1342 solvere
1113 1270 1275 1343 studeat.
1336 1307 1343 1316 ·

324 1371 358 1440 4.
386 1368 494 1456 Quod
522 1366 554 1442 si
586 1369 622 1442 in
648 1369 730 1467 ipsa
750 1369 864 1464 hora,
891 1371 1040 1468 quando
1060 1395 1121 1444 res
1146 1370 1382 1466 interciatur,

221 1471 491 1566 responderet,
520 1471 618 1567 quod
649 1471 866 1544 iordronem
893 1496 1004 1545 suum
1030 1472 1199 1568 nesciat,
1227 1483 1319 1545 ωηο
1344 1472 1383 1545 ἰη

221 1582 421 1668 praesente
450 1583 689 1645 sacramento
719 1571 788 1645 sibi
818 1571 981 1669 septima
996 1597 1109 1647 niano
1135 1573 1249 1647 fidem
1266 1572 1383 1647 faciat

223 1683 262 1746 et
284 1697 399 1771 super
425 1677 471 1746 14
489 1683 620 1746 noctes
648 1697 734 1746 eum
761 1672 886 1747 iurare
911 1673 1064 1768 studiat,
1093 1676 1191 1772 quod
1221 1675 1267 1747 ad
1295 1698 1383 1749 auc·

221 1785 343 1847 torem
361 1774 420 1846 vel
438 1796 526 1846 casa
543 1797 610 1846 seu
626 1773 765 1871 postim
781 1773 916 1847 ianuae
931 1774 1098 1849 auctoris
1109 1801 1202 1850 suae
1222 1775 1381 1871 nesciat,

223 1885 260 1948 et
279 1874 400 1970 ipsam
419 1898 500 1947 rem
519 1874 602 1948 sine
621 1876 758 1948 damno
781 1877 923 1949 reddat.

729 2013 881 2085 XXXIV.

328 2138 357 2205 1.
382 2130 421 2206 Si
446 2131 530 2231 quis
549 2129 735 2232 ingenuus
753 2132 958 2233 ingenuam
975 2133 1162 2228 rubuerit,
1180 2131 1237 2206 bis
1256 2145 1384 2208 cente·

223 2257 291 2307 nos
303 2233 447 2308 solidos
467 2233 602 2307 noxius
620 2232 818 2307 iudicetur.
855 2234 961 2322 Quod
984 2233 1014 2308 si
1035 2245 1113 2308 tres
1133 2234 1274 2309 inienui
1295 2260 1384 2309 curn

223 2334 304 2432 ipso
324 2334 483 2425 fuerint,
510 2335 770 2433 unusquisque
799 2359 929 2408 eorum
957 2335 1014 2409 bis
1042 2336 1214 2434 trigonus
1234 2334 1383 2412 solidus

223 2435 325 2509 noxii
346 2435 570 2508 iudicentur.
607 2437 653 2508 Et
669 2437 797 2534 quanti
818 2461 934 2533 super
950 2435 1038 2510 illos
1056 2441 1077 2511 4
1099 2438 1249 2533 fuerint,
1269 2463 1384 2512 unus·

222 2536 383 2635 quisque
401 2547 460 2609 ter
479 2539 614 2634 quinus
634 2535 779 2609 solidus
800 2536 934 2610 noxius
955 2537 1151 2612 iudicetur.

704 2732 847 2790 acono.
869 2717 910 2790 B.

139 2850 158 2881 ⁵
205 2857 314 2930 etei,
337 2854 389 2935 qui
412 2872 479 2915 rem
503 2871 591 2914 suam
614 2852 797 2929 intertiavit‚
820 2855 1027 2935 probabiliter
1050 2859 1205 2920 ostendat.
1248 2857 1286 2917 Et
1307 2866 1384 2918 tunc

221 2941 289 3022 ipse
311 2941 350 3001 de
371 2939 454 3000 furto
477 2955 606 3000 securus
625 2937 675 3011 sit,
698 2938 804 3014 etille‚
827 2941 878 3021 qui
901 2940 1080 3016 intertiavit,
1102 2943 1217 3004 furtum
1242 2949 1273 3002 et
1296 2941 1384 3004 dila-

222 3035 324 3088 turam
348 3027 388 3086 ab
412 3044 450 3084 eo
473 3022 623 3103 requirat,
647 3025 698 3104 qui
720 3024 844 3086 solvere
867 3025 979 3107 caepit.

328 3111 357 3173 3.
387 3106 480 3180 Quod
503 3107 528 3168 si
556 3115 667 3170 auctor
695 3128 769 3170 suus
792 3111 912 3171 venerit
935 3119 966 3171 et
992 3129 1060 3170 rem
1081 3109 1273 3172 intertiatam
1296 3110 1383 3171 reci-

222 3212 300 3274 pere
320 3194 492 3264 rennuerit,
516 3202 588 3254 tunc
609 3191 672 3266 ille,
696 3214 790 3274 super
812 3214 906 3274 quem
929 3193 1089 3254 intertiata
1112 3203 1169 3266 est,
1193 3193 1328 3274 capitale
1351 3204 1384 3257 ct

223 3278 388 3338 dilaturam
413 3282 509 3357 atque
534 3279 649 3339 furtum
672 3277 797 3340 solvere
818 3279 952 3339 studeat.

328 3364 357 3426 4.
381 3361 475 3435 Quod
497 3361 522 3422 si
545 3362 576 3422 in
597 3362 666 3440 ipsa
685 3361 777 3432 hora,
797 3361 925 3442 quando
948 3377 1000 3419 res
1022 3359 1212 3430 interdatur,
1241 3377 1383 3437 respon-

224 3445 320 3516 derit,
355 3447 439 3527 quod
470 3447 655 3507 fordronem
689 3465 779 3506 suum
810 3445 944 3515 nesciat,
983 3452 1055 3502 tunc
1080 3442 1111 3502 in
1142 3450 1310 3522 praesente
1340 3443 1381 3502 de

223 3538 422 3593 sacramento
446 3530 503 3591 sibi
530 3529 663 3609 septima
690 3547 785 3589 manu
806 3527 902 3588 fidem
923 3526 1019 3587 saciat
1042 3535 1072 3586 et
1094 3546 1189 3608 super
1212 3533 1383 3607 quattuor-

222 3615 322 3677 decim
347 3624 454 3676 nootes
477 3613 624 3675 adiurare
645 3612 787 3684 studeat,
817 3609 902 3692 quod
932 3617 1093 3671 auctorem
1116 3611 1165 3672 vel
1188 3629 1295 3672 casam
1325 3631 1381 3674 seu

222 3710 343 3781 postem
370 3700 483 3760 ianuae
506 3697 642 3760 auctoris
665 3694 711 3757 sui
734 3696 867 3768 nesciat,
898 3703 929 3756 et
955 3695 1056 3775 ipsam
1080 3715 1148 3758 rem
1175 3696 1243 3759 sine
1266 3696 1382 3758 damno

221 3785 344 3846 reddat

140 3891 143 3894 -
727 3863 872 3925 XXXVL

402 3969 454 4029 De
476 3975 596 4047 raptu
617 3966 883 4049 ingenuorum
908 3967 971 4028 vel
994 3968 1204 4030 mulierum.

330 4091 357 4154 l·
385 4089 415 4150 Si
445 4090 513 4170 quis
541 4088 694 4172 ingenuus
717 4087 814 4151 bomo
838 4089 1005 4171 ingenuam
1030 4073 1211 4148 feminam
1233 4086 1383 4169 rapuerit,

223 4177 284 4242 ‘200
311 4173 419 4237 solidis
442 4174 554 4235 noxius
583 4174 745 4236 iudicetur.
796 4173 889 4247 Quod
920 4174 945 4235 si
972 4182 1037 4235 tres
1064 4173 1189 4253 ingenui
1219 4172 1381 4252 cumipse

221 4259 349 4330 luerint,
366 4259 581 4341 unusquisque
596 4278 705 4320 eorum
722 4262 764 4325 60
779 4259 887 4320 solidis
903 4257 988 4320 noxii
1002 4257 1186 4318 iudicentur.
1219 4258 1257 4317 Et
1273 4257 1383 4338 quanti

222 4360 317 4426 super
338 4345 407 4406 illos
431 4348 450 4410 4
473 4345 599 4416 fuerint,
623 4342 836 4425 unusquisque
861 4349 898 4409 15
922 4341 1032 4403 solidis
1055 4342 1165 4403 noxius
1187 4341 1349 4402 indicetur.
