2956 4944
542 359 617 416 tux
636 359 822 418 utentum.
1224 361 1261 416 te

582 553 726 610 acono.
746 536 785 610 Α.

200 679 234 747 4.
270 673 310 748 si
337 698 492 746 manum
519 675 746 770 excusserit,
784 675 1025 750 100s01id0s
1059 675 1259 774 culpabilis

100 773 298 849 iudicetur.
335 773 375 849 Si
391 798 526 850 manus
545 775 685 849 ibidem
701 800 835 850 manca
850 777 1084 873 pendederit,
1103 783 1153 854 50
1172 777 1260 851 soii·

100 876 157 951 dis
178 887 422 974 conponatur.

201 1003 236 1072 5.
280 995 319 1069 Si
345 994 427 1094 quis
447 995 635 1094 ingenuus
661 997 825 1094 ingenuo
845 995 1009 1095 policem
1038 997 1259 1092 excusserit,

99 1101 148 1173 50
167 1097 308 1171 solidos
335 1096 534 1194 culpabilis
561 1096 757 1171 iudicetur.
811 1098 953 1186 Quodsi
981 1099 1092 1197 pulex
1120 1097 1259 1172 ibidem

99 1223 257 1272 mancus
277 1199 511 1296 pependerit,
531 1199 580 1272 25
599 1197 741 1272 solidos
761 1198 961 1297 culpabilis
981 1199 1178 1274 iudicetur.

201 1324 235 1392 6.
268 1317 330 1392 Sic
356 1317 393 1389 in
420 1316 523 1388 omni
550 1317 801 1413 mancatione,
829 1317 859 1390 si
887 1321 1078 1393 membrus
1102 1342 1260 1392 mancus

99 1418 333 1516 pependerit,
359 1417 564 1491 medietate
593 1429 792 1516 conponat,
820 1443 933 1515 quam
963 1444 1177 1517 conponere
1197 1420 1259 1493 de·

99 1520 234 1616 buerit,
254 1519 286 1594 si
307 1519 390 1617 ipse
409 1521 602 1594 membrus
621 1518 792 1594 abscisus
812 1519 957 1594 fuisset.

202 1646 234 1712 7.
263 1638 488 1713 sisenando
510 1639 651 1738 digito,
674 1641 771 1714 unde
790 1638 1005 1737 sagittatur,
1035 1641 1259 1737 excusserit,

100 1744 146 1817 36
166 1740 299 1816 solidis
321 1751 566 1838 conponatur.

200 1865 234 1934 8.
262 1858 303 1934 Si
323 1859 407 1957 quis
434 1859 622 1957 ingenuus
643 1861 850 1958 ingenuum
879 1863 1015 1959 pedem
1035 1860 1258 1957 excusserit,

104 1966 173 2036 100
182 1960 312 2035 solidis
330 1972 575 2058 conponatur.
608 1960 648 2034 Si
664 1963 780 2059 pedes
795 1961 933 2036 ibidem
949 1987 1107 2037 mancus
1120 1987 1260 2060 pepen-

98 2063 208 2158 derit,
227 2066 276 2139 50
295 2062 440 2136 solidos
460 2062 660 2160 culpabilis
680 2063 878 2136 iudicetur.
915 2061 918 2067 ’

200 2187 234 2259 9.
263 2182 301 2256 Si
335 2181 537 2254 articulum
570 2181 871 2280 qualemcunque
903 2180 1177 2279 amputaverit,
1210 2183 1257 2255 36

97 2282 238 2357 solidos
259 2281 459 2380 culpabilis
480 2280 678 2356 iudicetur.

204 2404 259 2475 10.
288 2401 363 2475 lsta
384 2402 511 2476 omnia
529 2401 560 2475 si
581 2401 797 2501 negaverit,
825 2427 910 2475 cum
935 2426 1001 2477 sex
1021 2400 1130 2497 iurit,
1158 2402 1256 2500 quod

98 2505 172 2577 hoc
190 2528 264 2576 non
284 2503 450 2577 fecisset.

101 2653 372 2665 .-.,..........-..,,...-
380 2654 456 2659 .........
462 2654 481 2660 -
758 2653 1250 2660 ...-.--—-—-——--—

581 2740 726 2796 acono.
746 2723 788 2796 B.

203 2862 231 2924 4.
276 2859 306 2920 Si
330 2877 456 2920 manum
481 2859 666 2927 excusserit,
695 2860 756 2923 100
778 2858 886 2920 solidis
909 2856 1073 2938 culpabilis
1095 2857 1259 2924 iudicetur.

97 2942 127 3005 Si
152 2962 261 3004 manus
283 2942 400 3003 ibidem
423 2960 536 3003 manca
559 2941 745 3023 pendiderit,
768 2945 808 3006 50
831 2941 939 3004 solidis
963 2949 1133 3022 conponat.

204 3049 233 3110 5.
267 3044 297 3105 Si
321 3044 390 3125 quis
405 3043 557 3125 ingenuus
574 3044 710 3124 ingenuo
727 3043 870 3124 pollicem
888 3044 1070 3117 excusserit,
1094 3046 1134 3109 50
1149 3043 1259 3107 solidis

98 3128 261 3210 culpabitis
286 3128 448 3192 iudicetur.
492 3126 585 3200 Quod
610 3128 635 3190 si
658 3128 754 3209 pottix
776 3127 891 3189 ibidem
917 3147 1046 3190 mancus
1073 3129 1260 3209 pendiderit,

98 3219 138 3282 25
161 3210 271 3276 solidis
294 3211 457 3294 culpabilis
478 3211 642 3274 iudicetur.

202 3320 233 3383 6.
261 3315 311 3378 Sic
344 3314 374 3376 in
403 3314 488 3376 omni
513 3316 728 3390 mancatione,
761 3314 787 3378 si
812 3317 986 3377 membrum
1011 3291 1154 3377 mancum
1179 3334 1261 3396 pen-

99 3401 223 3473 diderit,
246 3400 418 3463 medietate
434 3409 604 3480 oonponat,
621 3419 715 3482 quem
734 3418 915 3482 conponere
932 3401 1095 3472 debuerat,
1115 3398 1140 3461 si
1157 3399 1259 3479 ipsum

97 3487 273 3546 membrum
298 3485 455 3547 abscisum
478 3484 598 3547 fuisset.

203 3592 233 3653 7.
257 3587 288 3647 Si
305 3588 460 3649 secundus
477 3587 600 3668 digitus,
619 3588 701 3649 unde
721 3587 896 3668 sagittatur,
920 3604 1071 3648 excussus
1094 3585 1195 3657 fucrit,
1219 3587 1260 3651 36

99 3671 206 3736 solidis
224 3680 430 3752 conponatur.

203 3775 233 3837 8.
257 3773 379 3853 Siquis
404 3774 553 3853 ingenuus
576 3775 710 3857 ingenuo
731 3773 842 3854 pedem
868 3772 1052 3847 excusserit,
1076 3773 1136 3839 100
1151 3771 1260 3834 solidis

97 3864 266 4005 pppipppuart,
304 3857 334 3917 Si
358 3877 413 3939 pes
429 3857 545 3919 ibidem
562 3877 690 3921 mancus
706 3857 892 3941 pendiderit,
915 3862 955 3924 50
971 3857 1080 3920 solidis
1097 3855 1262 3939 culpabilis

204 4050 233 4113 9.
258 4044 288 4106 Si
306 4044 469 4106 articulum
486 4045 714 4126 quatecumque
731 4044 952 4126 amputaverit,
967 4048 1008 4112 36
1023 4044 1132 4108 solidis
1148 4044 1261 4126 culpa·
1388 4062 1392 4071 ·

99 4130 169 4192 bitis
191 4130 357 4194 iudicetur.

99 4317 114 4378 s
150 4315 157 4330 ·
206 4236 255 4377 1ῑο
281 4232 342 4294 ista
369 4232 474 4294 omnia
501 4233 526 4295 si
554 4231 724 4315 negaverit,
751 4252 821 4295 cum
848 4237 868 4299 6
891 4233 981 4303 iuret,
1005 4232 1089 4313 quod
1114 4230 1174 4291 boc
1197 4249 1259 4291 non

113 4335 211 4379 ecrsse
228 4364 235 4380 .

1011 4431 1028 4480 4
