2956 4944
594 327 669 383 LEX
687 326 874 385 ntssttnttnt.

635 521 658 577 n
677 521 779 578 cono.
799 503 839 577 A.

154 642 267 719 deat*
287 643 333 717 ad
354 641 686 742 interrogationis:
706 643 784 718 ‘Sta
803 643 867 738 ω’,
887 653 925 715 et
942 641 1058 716 liceat
1076 642 1112 715 ei
1131 641 1215 716 sine
1236 652 1313 715 tan·

154 771 254 846 ganu
279 741 475 844 loquere*‚
505 754 542 817 et
569 743 687 818 dicat:
719 745 812 843 ‘Ego
846 743 994 842 ignoro,
1027 754 1154 817 atrum
1180 767 1312 818 servos

153 872 260 921 meos
288 844 489 944 culpabilis
512 870 559 918 an
591 845 771 920 innocens
799 870 845 919 ex
867 846 941 919 hoe
962 847 1173 940 extederet3
1202 869 1313 943 prop·

153 961 257 1022 terea
282 972 370 1022 eum
391 950 599 1023 seeundum
620 945 977 1045 legemRibuariam
997 970 1113 1044 super
1131 945 1312 1020 tenonis

153 1052 199 1123 ad
235 1048 390 1149 igneum
426 1048 691 1148 repraesento’.
756 1048 801 1122 Et
840 1047 898 1122 sic
935 1047 1017 1122 eius
1054 1046 1312 1146 praesentiam

154 1176 240 1225 curn
267 1150 403 1225 fistuca
429 1149 543 1224 fidem
570 1149 696 1224 faeiat.
734 1149 841 1237 Quod
870 1149 902 1224 si
931 1173 1064 1223 servus
1091 1147 1128 1221 in
1157 1147 1344 1247 igneomp.
1360 1169 1416 1219 222.

152 1277 306 1327 manum
327 1251 488 1348 miserit,
517 1262 554 1325 et
567 1250 688 1325 lesam
709 1250 868 1346 tullerit,
896 1250 1072 1325 dominus
1092 1250 1191 1348 eius,
1214 1249 1314 1324 siout

153 1355 215 1428 lex
235 1352 415 1448 contenit,
435 1353 481 1426 de
500 1353 602 1425 furtu
621 1351 722 1425 servi
743 1351 943 1449 culpabilis
963 1351 1160 1424 indicetur.

262 1473 292 1542 2)
311 1473 342 1527 ln
361 1471 495 1527 coercitus
514 1471 557 1526 tta
575 1471 650 1526 toras
668 1473 706 1525 tto
725 1470 834 1540 tepttar:

302 1542 497 1625 respondeat
518 1541 558 1605 ad
581 1541 839 1622 interrogationis
855 1543 971 1605 stabo.
993 1539 1088 1602 tinea-t
1103 1539 1132 1602 ei
1155 1539 1222 1601 sina
1238 1545 1315 1600 tan-

304 1648 387 1712 ganu
409 1629 542 1710 loquere
567 1629 600 1703 13
629 1627 824 1707 respondeat
846 1626 887 1688 ad
909 1624 1176 1706 interrogationes
1199 1625 1314 1695 stabat,

303 1714 395 1776 liceat
416 1713 497 1775 haec
519 1711 587 1773 sine
611 1718 746 1792 tangano
770 1710 902 1792 loquere
924 1713 961 1786 23
991 1709 1186 1791 respondeat
1213 1709 1315 1769 intar-

305 1805 393 1861 rotos
409 1797 603 1877 respondeat
618 1803 690 1867 stet,
706 1794 799 1857 liceat
814 1794 895 1856 haee
907 1795 974 1856 sine
986 1803 1124 1875 tangano
1136 1793 1267 1874 loquere
1279 1795 1312 1867 3;

301 1882 497 1963 respondeat
519 1881 560 1943 ad
581 1879 844 1962 interrogationes
861 1886 910 1941 sto
929 1887 960 1940 et
981 1879 1074 1941 liceat
1098 1878 1125 1938 ei
1149 1876 1217 1939 sine
1239 1884 1315 1937 tan-

304 1986 388 2047 gano
411 1966 543 2046 loquere
566 1967 602 2040 43
631 1963 826 2047 respondeat
849 1964 890 2024 ad
912 1961 1177 2043 interrogationes
1200 1963 1314 2024 stabat.

303 2050 397 2113 liceat
419 2050 487 2114 sine
509 2057 646 2111 tanoano
677 2048 808 2129 loquere
831 2051 868 2123 53
899 2049 1074 2129 repondeat
1099 2045 1314 2127 interrogatus

304 2142 366 2197 stat
381 2142 412 2197 et
427 2135 494 2197 sine
509 2141 647 2216 tangaoo
666 2133 815 2212 loquatur
836 2134 872 2207 93
894 2132 1106 2214 interrogatus
1121 2128 1316 2211 respondeat

304 2229 335 2281 et
357 2218 424 2282 sine
448 2226 586 2299 tangano
607 2215 757 2297 loquatur
781 2217 837 2292 tt);
867 2228 944 2281 codd.
965 2227 991 2280 a,
1012 2225 1046 2294 2,
1072 2230 1126 2280 uno
1145 2226 1221 2278 ssttts
1239 2223 1316 2278 &aas

304 2316 401 2384 capitis
422 2316 530 2381 motato,
550 2316 588 2365 rto
606 2313 708 2381 tepent:
742 2300 835 2375 Quod
866 2297 892 2359 si
920 2316 1031 2359 servus
1060 2296 1091 2358 in
1121 2294 1232 2357 iuditio
1256 2312 1315 2376 pro

304 2404 397 2447 servo
418 2383 635 2465 interpellatus
657 2381 759 2457 fuerit,
783 2385 822 2445 de
844 2382 960 2444 fiducia
981 2400 1110 2443 securus
1127 2398 1207 2452 esse,
1230 2378 1315 2459 quod

306 2469 331 2532 si
355 2488 463 2531 servus
488 2468 558 2532 talis
581 2486 643 2529 non
667 2467 775 2542 inerit,
805 2468 890 2530 unde
918 2466 1063 2528 dominus
1086 2464 1153 2528 eius
1174 2463 1206 2525 in
1228 2461 1315 2524 iudi·

305 2555 354 2617 eio
385 2573 446 2635 pro
476 2573 515 2617 eo
548 2551 745 2633 respondere
774 2552 889 2635 possit,
924 2550 1071 2614 dominos
1100 2550 1315 2630 interrogatos

304 2638 513 2720 respondean
527 2665 576 2720 epo
590 2643 640 2699 sta
651 2644 683 2699 tu
696 2650 793 2718 scripsi
805 2652 1015 2716 weomadum,
1030 2651 1184 2715 argumento
1194 2645 1261 2701 urolt
1271 2643 1315 2713 59,

305 2752 328 2789 c.
345 2731 372 2788 8.
391 2733 474 2802 infra.

256 2841 291 2912 2.
307 2835 415 2925 Quod
440 2833 472 2909 si
499 2858 645 2930 servus⁷
666 2834 817 2931 quando
842 2832 1019 2907 dominus
1040 2829 1316 2929 interpellatur,

161 2979 318 2988 μ...-

639 3051 663 3106 r
681 3050 785 3107 cono.
803 3034 846 3106 B.

157 3182 285 3256 rogatos
314 3171 517 3254 respondeat,
546 3179 578 3232 et
606 3170 672 3232 sine
702 3177 839 3315 tongeno
865 3169 1031 3267 torreatur,
1061 3172 1093 3227 et
1115 3165 1213 3227 dieat:
1241 3164 1317 3246 ‘Ego

156 3259 286 3342 ignoro,
323 3265 426 3320 utrum
460 3274 571 3318 servos
605 3274 694 3317 meus
727 3253 888 3337 oupabitrs
922 3271 962 3316 an
994 3269 1144 3314 rnnocens
1184 3251 1223 3311 da
1255 3248 1318 3312 hoo

157 3343 311 3407 extiterit'.

675 3422 794 3486 xxxt.
1324 3438 1349 3481 p.
1365 3420 1419 3471 222.

462 3528 515 3590 De
537 3545 657 3591 servo
680 3524 1014 3607 representando.

262 3633 437 3713 Propterea
469 3651 540 3695 eom
575 3631 745 3693 secundom
776 3627 877 3712 legem
899 3626 1080 3690 Ribuariam
1104 3643 1199 3706 super
1220 3632 1319 3705 quat-

158 3717 332 3778 tuordecim
355 3723 465 3779 noctes
495 3716 534 3778 ad
558 3715 662 3796 ignem
685 3720 903 3797 repraesento.
947 3712 984 3773 Et
1006 3709 1051 3773 sio
1074 3711 1113 3771 de
1137 3709 1203 3772 aios
1220 3726 1319 3790 prae-

158 3802 261 3863 sentia
280 3819 349 3862 cum
365 3799 477 3862 fistoea
496 3798 592 3860 fidem
608 3798 713 3861 faciat.
745 3796 837 3872 Quod
855 3796 880 3859 si
896 3814 1005 3858 servus
1019 3794 1050 3855 in
1065 3794 1171 3875 ignem
1192 3811 1318 3855 manum

160 3885 290 3958 miserit,
306 3891 338 3946 et
352 3884 472 3946 laesam
487 3882 603 3955 tuterit,
618 3883 763 3945 dominus
776 3881 853 3955 eins,
865 3879 1004 3943 sicotlex
1017 3878 1165 3952 eontinet,
1181 3879 1220 3939 de
1235 3878 1319 3939 tortu

159 3971 241 4033 servi
263 3968 428 4051 eotpabilis
450 3967 617 4030 indicetur.

678 4087 809 4149 XXXli,

409 4194 461 4256 Da
484 4210 599 4254 servo
622 4190 722 4254 infra
746 4192 925 4253 ducatum
949 4188 1072 4270 lapso.

268 4302 295 4364 1.
318 4297 410 4372 Quod
434 4296 460 4359 si
487 4314 615 4365 servus.
645 4295 772 4376 quando
803 4293 949 4355 dominus
977 4290 1194 4373 interpellatus
1216 4286 1320 4359 fuerit,
