2956 4944
591 318 669 374 LEX
687 317 872 375 Rtttttntttn.

636 511 777 568 nconn.
795 493 835 567 Α.

156 648 372 745 natusest,
401 649 473 748 ipsi
499 674 544 724 ex
566 651 641 723 hoc
666 649 865 748 culpabilis
893 651 1099 748 iudicetur,
1131 652 1195 750 qui
1228 677 1315 726 eum

157 774 202 823 eo
222 760 393 848 ternpore
412 761 501 850 post
519 775 561 826 se
579 761 761 824 reteneat.

258 853 293 925 5.
326 851 372 926 Si
386 853 502 926 homo
528 854 814 925 commendatus
836 851 895 925 vel
918 851 1101 949 fugitivus
1116 853 1317 927 defunctus

156 951 290 1046 fuerit,
320 951 497 1027 similiter
518 953 555 1025 in
583 953 790 1051 quadruvio
818 976 902 1026 cum
922 961 1066 1027 retorta
1095 952 1316 1051 sepeliatur.

156 1051 264 1140 Quod
284 1052 317 1126 si
337 1053 389 1126 ita
409 1079 483 1128 non
503 1054 650 1149 iecerit,
671 1053 763 1152 ipsi‚
783 1054 846 1152 qui
867 1079 954 1127 eum
975 1064 1063 1153 post
1081 1078 1121 1128 se
1140 1053 1317 1152 retenuit,

155 1153 327 1250 precium
346 1155 400 1229 rei
421 1180 506 1228 curn
527 1154 626 1253 legis
646 1153 828 1228 beneficio
850 1154 1050 1252 culpabilis
1069 1154 1267 1229 iudicetur.

258 1258 292 1330 6.
344 1255 384 1330 si
417 1268 545 1329 autern
583 1254 722 1328 animal
757 1255 969 1328 intertintus
1005 1256 1102 1330 infra
1134 1255 1317 1353 placitum

156 1366 327 1429 mortuos
346 1356 472 1449 fuerit⁷
491 1366 580 1428 ωηο
599 1355 666 1449 itti,
692 1355 755 1454 qui
776 1379 930 1429 causam
948 1357 1201 1454 prosequitur,
1231 1381 1317 1430 curn

156 1454 313 1529 testibus
340 1480 552 1530 memorare
580 1457 706 1548 debet,
737 1455 897 1553 qualiter
919 1455 1159 1554 adpreciatus
1191 1458 1317 1551 luerit,

157 1565 195 1628 et
231 1555 307 1648 illi,
360 1581 476 1654 super
512 1580 625 1655 quern
663 1556 904 1652 interdatur,
955 1557 1057 1630 corio
1095 1551 1166 1631 oon
1206 1567 1416 1656 capula-2⁶1·

156 1657 390 1755 decortigato
411 1658 448 1730 in
467 1657 684 1756 praesentia
705 1657 840 1732 iudicis
858 1668 1052 1732 auctorem
1067 1682 1177 1732 suurn
1193 1671 1318 1733 osten·

156 1758 246 1831 dere
280 1760 400 1833 debet.
451 1759 559 1848 Quod
587 1759 620 1832 si
649 1770 782 1833 auctor
807 1759 1015 1857 reciperet,
1051 1770 1157 1833 tanto
1193 1758 1316 1834 solido

157 1883 231 1932 uno
252 1860 298 1933 de
319 1860 403 1934 cine
421 1860 612 1935 werdunia
630 1885 698 1958 pro
720 1860 823 1934 corio
844 1860 1028 1935 restituat.

257 1964 291 2033 7.
328 1961 436 2050 Quod
452 1962 484 2036 si
501 1960 641 2035 animal
659 1962 789 2034 vivum
810 1961 922 2035 fuerit
943 1972 981 2034 et
999 1961 1237 2035 debilitatum
1256 1962 1317 2036 vel

157 2060 425 2156 macilendum⁷
449 2074 631 2160 quantum
659 2086 704 2136 eo
732 2074 905 2160 ternpore
934 2064 1171 2159 adpreciatus
1190 2063 1317 2157 fuerit⁷

156 2162 213 2234 sic
236 2163 282 2234 de
309 2187 404 2236 oenu
429 2161 619 2236 werdunia
643 2162 828 2236 restituat.
870 2162 909 2236 Si
938 2172 1065 2235 autern
1094 2187 1229 2237 sanum
1256 2162 1317 2236 vel

157 2260 428 2336 inmaculatum
453 2262 680 2358 restituerit,
711 2274 799 2336 tunc
827 2287 978 2337 omnem
1007 2263 1178 2359 precium
1205 2287 1315 2338 suum

157 2362 326 2460 recipiat.

257 2469 292 2539 8.
338 2464 446 2552 Quod
466 2464 497 2539 si
518 2466 618 2539 furtu
648 2465 796 2539 ablatus
821 2463 956 2559 luerit,
985 2475 1074 2538 tunc
1100 2465 1177 2561 itti,
1205 2489 1319 2563 super

155 2646 354 2655 ,------..--...
366 2650 576 2658 ---..---<---
1065 2650 1283 2657 --——-...—..-.
1292 2650 1309 2656 .-

633 2795 656 2847 n
674 2794 776 2848 conn.
795 2777 838 2848 B.

156 2933 211 2998 est,
233 2927 302 3006 ipse
325 2928 364 2988 de
387 2927 449 2988 hoc
470 2927 633 3008 culpabilis
655 2929 824 3008 iudicetur,
849 2928 901 3010 qui
925 2947 995 2990 eum
1019 2947 1058 2989 eo
1081 2933 1224 3006 tempore
1246 2937 1319 3009 post

155 3029 190 3072 se
213 3010 351 3072 retinuit.

261 3099 290 3160 5.
335 3094 367 3155 Si
396 3096 493 3156 homo
525 3097 763 3157 commendatus
786 3095 835 3156 vel
858 3094 1003 3176 fugitivus
1028 3094 1191 3157 defunctus
1214 3094 1316 3169 luerit,

155 3177 295 3240 similiter
317 3178 347 3239 in
372 3178 547 3260 quadruvio
570 3199 638 3241 cum
662 3187 782 3241 retorta
805 3180 986 3261 sepeliatur.
1025 3178 1118 3254 Quod
1141 3179 1167 3241 si
1188 3180 1230 3242 ita
1253 3197 1317 3241 non

154 3263 276 3337 lecerit,
307 3263 391 3344 ipse,
421 3263 473 3345 qui
505 3283 574 3324 eum
603 3272 675 3345 post
703 3282 738 3325 se
760 3263 897 3336 retinuit,
924 3263 1056 3345 pretium
1080 3264 1125 3326 rei
1147 3284 1216 3324 curn
1240 3263 1316 3347 legis

153 3347 308 3409 beneficio
332 3347 493 3430 culpabilis
516 3347 681 3412 iudicetur.

259 3437 288 3499 6.
335 3432 366 3493 Si
389 3441 493 3495 autem
517 3432 635 3495 animal
656 3432 849 3495 intertiatum
872 3431 952 3493 inira
979 3431 1126 3511 placitum
1159 3437 1315 3491 mortuum

152 3513 257 3586 luerit,
279 3525 352 3577 tunc
373 3517 434 3591 ille,
461 3517 514 3598 qui
537 3536 664 3580 causam
687 3516 897 3600 prosequitur,
928 3535 998 3578 curn
1021 3515 1153 3576 testibus
1176 3514 1315 3575 *memo-
1333 3534 1365 3593 q.
1381 3533 1436 3583 261.

153 3617 225 3661 raro
255 3601 362 3674 debet,
390 3601 525 3683 qualiter
556 3602 763 3682 adpretiatum
793 3601 901 3672 luerit,
936 3607 966 3660 et
998 3598 1065 3669 ille,
1094 3616 1189 3678 super
1223 3617 1315 3681 qnem

152 3682 338 3755 interluitur,
365 3685 452 3746 corio
481 3705 549 3747 curn
580 3686 683 3766 capite
714 3685 907 3746 decorticato
933 3683 964 3743 in
994 3689 1182 3761 praesenta
1205 3681 1316 3746 iudicis

153 3775 313 3830 auctorem
337 3787 425 3828 suum
449 3770 617 3829 ostendere
639 3771 740 3831 debet.
778 3768 869 3844 Quod
894 3769 919 3830 si
935 3775 1045 3828 auctor
1059 3766 1145 3847 recip
1168 3767 1219 3839 rit,
1241 3775 1317 3830 tan-

152 3858 216 3913 tum
241 3851 375 3913 solidum
400 3871 494 3912 unum
519 3853 559 3913 do
581 3852 649 3914 cine
673 3852 834 3914 werdunia
857 3869 915 3932 pro
938 3850 1027 3912 corio
1051 3852 1204 3914 restituat.

237 3940 266 3999 7.
304 3934 395 4007 Quod
427 3935 454 3997 si
481 3935 597 3999 animal
622 3936 723 3998 vivum
747 3937 840 3996 luerit
862 3944 893 3996 et
916 3934 1110 3996 debilitatum
1133 3936 1182 3997 vel
1206 3953 1316 3997 mace-

152 4019 289 4091 lentum,
321 4026 472 4100 quantum
495 4038 533 4080 eo
559 4029 700 4100 ternpore
723 4020 955 4101 adpraetiatum
977 4019 1089 4092 suerit,
1114 4019 1159 4080 sic
1182 4021 1222 4081 (le
1245 4021 1315 4080 cine

152 4105 312 4166 werdunia
335 4105 488 4166 restituat.
526 4104 557 4164 Si
574 4113 678 4165 autem
694 4124 804 4168 sanum
821 4103 871 4165 vel
892 4103 1114 4165 inmaculatum
1132 4104 1317 4176 resiluerit,

151 4195 224 4250 tunc
246 4208 340 4250 omne
363 4189 498 4269 pretium
522 4208 611 4249 suum
636 4188 775 4269 recipiat.

256 4274 286 4337 8.
324 4273 416 4346 Quod
450 4271 475 4334 si
502 4273 584 4335 furto
616 4272 754 4335 ablatum
785 4272 889 4346 suerit,
920 4280 994 4334 tunc
1016 4271 1068 4335 ille
1091 4291 1197 4356 super,
1220 4289 1314 4351 puem

1058 4387 1086 4438 Ἰ.
