2956 4944
659 305 734 361 Lex
753 303 939 362 alunnum.

702 480 905 554 acuunt

223 618 469 719 possessione
506 619 771 714 introduxerit,
816 631 854 692 et
890 619 1027 692 ibidem
1064 619 1216 693 inventa
1253 620 1385 715 fuerit,

224 723 272 796 45
287 719 432 794 solidus
448 719 646 817 culpabilis
662 720 859 815 iudicetur,
878 720 938 794 vel
954 719 1132 818 quidquid
1149 720 1184 794 ei
1199 722 1384 794 damnum

223 820 439 915 accesserit,
458 821 575 894 aliurn
594 832 740 894 tanturn
759 820 967 894 restituat*.

328 919 353 1004 ¹⁸)
378 929 469 985 Codex
488 931 504 981 5
524 931 567 983 tic
591 932 686 984 inserit
710 944 746 984 ea
766 933 838 984 tituto
856 927 901 984 82.
927 932 1050 985 editionis
1069 933 1179 984 nostrae
1200 930 1266 984 tuac
1285 930 1384 984 verbu:

375 999 573 1065 astantem
588 1019 704 1083 negare
728 1008 945 1082 (corripendum
965 1001 1142 1082 negaverit)
1165 1009 1197 1061 et
1219 1000 1382 1063 convictus

375 1084 477 1157 tuerit,
509 1084 642 1165 capitale
670 1103 739 1145 curn
764 1093 874 1167 texaga
898 1093 928 1146 et
950 1085 1085 1147 ditatura
1108 1083 1270 1165 culpabilis
1293 1083 1383 1145 iudi-

374 1176 471 1230 cetur.
515 1170 544 1234 3.
574 1167 606 1228 Si
635 1169 705 1249 quis
728 1167 881 1249 peculium
911 1168 942 1229 in
975 1187 1078 1231 messe
1107 1167 1310 1250 adprehenso
1339 1169 1379 1230 ad

375 1251 514 1332 puricum
540 1270 669 1313 manare
691 1259 779 1328 (corr.
801 1252 937 1330 minare)
962 1272 1024 1313 uun
1048 1252 1236 1333 permiserit,
1258 1252 1298 1319 12
1320 1251 1380 1314 sul.

311 1389 314 1394 .
374 1335 535 1417 culpabilis
547 1335 711 1408 iudicetur,
722 1345 776 1397 aut
788 1356 856 1398 curn
866 1336 985 1408 diuret,
997 1339 1082 1418 quod
1096 1339 1157 1398 huc
1169 1356 1232 1397 neu
1244 1335 1380 1398 iecisset.

132 1506 155 1548 r·
170 1489 222 1538 2³³·
740 1477 859 1549 XLVI.

332 1603 359 1668 1.
398 1595 437 1671 Si
464 1596 548 1695 quis
587 1599 798 1694 quadrupes
831 1595 1025 1670 hominem
1061 1595 1257 1692 occiderit,
1296 1596 1380 1693 ipse

223 1698 456 1794 quadrupes,
491 1696 554 1794 qui
581 1721 668 1770 eum
695 1695 934 1790 interficerit,
970 1697 1006 1768 in
1032 1697 1238 1771 medietate
1261 1721 1380 1770 were·

223 1797 326 1896 gilde
351 1796 593 1895 suscipiatur,
620 1809 658 1870 et
685 1797 799 1870 aliam
827 1798 1071 1872 medietatem
1095 1797 1267 1871 dominus
1290 1820 1381 1895 qua·

223 1895 385 1993 drupes*
404 1898 553 1971 solvere
579 1897 721 1972 studiat
745 1900 887 1996 absque
915 1899 1031 1972 fretu:
1059 1899 1147 1999 quia
1165 1900 1263 1996 quud
1290 1923 1380 1996 qua·

224 1999 408 2095 dropedes
430 1999 584 2094 iaciunt,
604 1999 699 2072 fretu
720 2024 794 2072 non
815 1999 989 2098 exigitur.

326 2096 350 2178 *i
372 2108 418 2162 Sic
438 2107 451 2160 i
473 2110 549 2175 (luco
566 2112 684 2177 quatttua',
704 2113 732 2162 ut
749 2110 878 2174 uidetur).

325 2221 358 2294 2.
389 2219 496 2306 Quod
516 2218 548 2293 si
570 2221 831 2318 quadrupedes
848 2221 1128 2317 quadrupedem
1144 2217 1378 2315 interficerit,

222 2319 399 2393 deminus
419 2321 681 2417 quadrupedes
697 2322 977 2419 quadrupedem
992 2331 1183 2393 mortuum
1198 2319 1257 2393 vel
1277 2320 1381 2393 debi-

222 2422 299 2494 lem
318 2420 497 2517 recipiat5
525 2432 563 2493 et
582 2445 681 2515 eum,
704 2422 767 2517 qui
788 2420 904 2494 alium
925 2419 1157 2514 interficerit,
1176 2446 1197 2494 a
1223 2421 1378 2494 dominu

223 2521 326 2615 eius,
364 2520 471 2594 cuius
501 2523 760 2617 quadrupedes
788 2532 846 2594 est
880 2522 1113 2617 interiectus,
1143 2523 1268 2621 ipsum
1288 2546 1380 2619 qua·

222 2621 429 2718 dropedem
449 2620 603 2716 tribuat,
623 2632 688 2693 aut
712 2632 893 2719 quantum
917 2621 1137 2697 interiectus
1157 2625 1217 2696 vel
1241 2623 1380 2696 debilis

221 2721 325 2819 prius
343 2720 515 2794 valuerit.

1294 2873 1378 2882 --

701 2951 725 3004 a
744 2950 845 3006 cuuu.
863 2934 904 3006 B.

223 3084 295 3127 nem
318 3065 539 3139 introduxerit,
562 3074 592 3128 et
611 3067 727 3129 ibidem
749 3070 875 3132 inventa
895 3069 998 3142 fuerit,
1020 3072 1060 3134 45
1085 3070 1194 3132 solidis
1217 3068 1383 3149 culpabilis

221 3149 389 3295 ἰΐυθῖἰὲΐυῑὲιῑτ,
424 3149 473 3211 vel
506 3151 652 3232 quicquid
681 3153 709 3214 ei
744 3154 892 3215 damnum
927 3154 1107 3226 accesserit,
1140 3153 1223 3214 aliud
1260 3161 1382 3214 tantum

130 3345 154 3387 ρ.
169 3327 221 3377 2³6.
732 3320 817 3380 XLV
818 3320 867 3382 ill.

314 3420 367 3480 De
391 3421 740 3503 quadrupedibus,
764 3424 796 3482 si
819 3421 1019 3483 huminem
1043 3417 1286 3480 occiderint.

330 3525 356 3588 1.
381 3522 413 3583 Si
435 3524 504 3604 quis
526 3523 707 3603 quadrupes
729 3521 888 3582 huminem
912 3520 1076 3593 occiderit,
1098 3520 1165 3602 ipse
1189 3521 1382 3601 quadrupes,

222 3607 274 3684 qui
289 3624 359 3667 eum
375 3606 567 3680 interficerit,
589 3607 620 3666 in
636 3606 834 3666 medietatem
852 3605 1010 3687 weregiidi
1026 3605 1222 3687 suscipiatur,
1239 3615 1270 3667 et
1285 3605 1380 3666 aliam

222 3689 421 3752 medietatem
439 3690 583 3752 duminus
600 3687 813 3771 quadrupedis
836 3689 960 3750 suivere
984 3689 1109 3751 studeat
1131 3693 1250 3771 absque
1273 3689 1382 3751 iredu:

223 3773 296 3854 quia
318 3775 403 3854 quud
424 3774 646 3855 quadrupedes
666 3774 793 3844 faciunt,
816 3773 922 3835 fredus
946 3772 1061 3835 exinde
1083 3795 1144 3836 nun
1169 3775 1311 3856 exigitur.

306 3880 336 3939 2.
366 3875 459 3949 Quud
483 3877 508 3937 si
531 3878 711 3956 quadrupes
732 3874 970 3957 quadrupedem
999 3878 1204 3950 interfecerit,
1235 3876 1383 3938 duminus

221 3959 434 4039 quadrupedis
467 3961 704 4040 quadrupedem
738 3968 895 4021 mortuum
929 3961 979 4022 rel
1008 3962 1142 4024 debilem
1172 3962 1319 4043 recipiat3
1350 3970 1382 4021 et

223 4062 304 4113 eum,
328 4043 380 4122 qui
403 4044 498 4104 aiiurn
517 4043 717 4118 interfecerit,
740 4063 759 4105 a
783 4044 912 4107 duminu
929 4047 1005 4118 eius,
1029 4047 1115 4109 cuius
1132 4048 1310 4127 quadrupes
1333 4053 1385 4105 est

221 4143 413 4218 interiectus,
434 4145 536 4224 ipsum
559 4149 796 4228 quadrupedem
816 4149 941 4222 tribuat,
965 4145 1002 4207 et
1025 4158 1177 4232 quantum
1196 4149 1383 4210 interiectus

224 4248 273 4309 vel
294 4246 404 4309 debilis
424 4247 511 4329 prius
534 4247 686 4322 valuerat,
709 4235 888 4308 solvatur.
