2956 4944
606 350 824 409 PRAEFATIO.
1244 353 1280 406 17

151 525 306 591 rubricas
327 525 379 604 63,
402 524 467 588 A3
489 524 642 589 rubricas
664 523 714 604 88,
738 523 804 588 Ac
825 525 978 591 rubricas
999 525 1050 605 91,
1079 523 1146 588 Ab
1167 523 1277 588 rubri·

155 633 212 674 cas
233 609 286 689 93,
309 608 374 673 A6
396 606 548 672 rubricas
572 608 643 689 123,
665 608 729 671 A7
751 609 905 673 rubricas
929 609 1001 688 124,
1023 607 1088 671 A8
1112 614 1166 690 (at
1187 609 1277 672 uide·

154 698 227 774 tur)
242 692 395 756 rubricas
411 691 462 772 90,
484 691 550 756 As
572 691 726 758 rubricas
748 693 800 773 90,
823 694 853 755 A
870 693 910 756 10
931 692 1085 756 rubricas
1098 691 1157 754 91.
1203 689 1279 764 Qua

153 799 189 841 re
212 777 355 861 probari
381 777 520 857 uidetur,
550 785 671 840 temtum
693 775 724 839 A
746 777 911 842 codicibus
933 775 1002 840 illis
1022 776 1181 839 traditum
1204 797 1278 839 cum

154 861 300 946 praecioso
322 869 420 940 teuta,
450 881 542 944 quem
564 882 603 923 ue
626 882 666 923 ue
686 861 840 924 rubricas
863 882 964 944 aeque
986 857 1087 924 ullam
1108 858 1278 923 titulorum

156 952 215 1008 out
230 945 375 1027 capitum
390 943 585 1008 diuisionem
600 883 751 1008 llabuisse
769 966 835 1029 pro
855 953 938 1008 certo
955 943 1072 1008 babere
1088 964 1278 1027 possumus,

154 1029 305 1112 proxime
326 1029 507 1092 colaerere.
550 1025 748 1112 Differemia
770 1029 856 1092 caim
877 1025 949 1110 illa,
970 1049 1055 1111 quoe
1076 1028 1114 1089 la
1135 1026 1279 1090 rubricis

156 1121 252 1196 atque
279 1110 385 1174 titulis
411 1119 587 1195 spectatur,
616 1133 652 1176 eo
681 1121 809 1176 tautam
835 1120 908 1175 orta
935 1133 1003 1175 esse
1022 1111 1163 1190 ridetur,
1214 1109 1279 1174 uod

154 1195 292 1261 librarii
313 1197 426 1276 teutui,
448 1216 541 1278 quem
562 1196 633 1259 siae
654 1194 758 1258 titulis
780 1204 876 1280 atqu-c
897 1195 1040 1260 rubricis
1057 1132 1279 1275 inveniebant,

157 1279 295 1344 arbitrio
325 1300 384 1343 suo
412 1278 566 1342 rubricas
590 1287 684 1360 atque
705 1300 855 1343 aumeros
876 1278 1043 1342 titulorum
1066 1277 1279 1342 addiderunt.

156 1363 333 1426 Materiam
354 1364 392 1424 iu
413 1360 539 1446 lcqibus
559 1369 734 1424 tractatum
756 1362 787 1424 si
807 1370 946 1445 spectas,
968 1361 1095 1426 codices
1116 1358 1279 1426 classisA

155 1447 296 1509 maxime
324 1466 360 1509 eo
389 1443 652 1528 distinquuatur,
680 1444 768 1529 quod
793 1446 831 1509 ia
852 1443 946 1508 titulo
968 1445 1019 1526 36,
1045 1444 1104 1508 ubi
1125 1446 1165 1508 de
1186 1445 1280 1508 cleri·

157 1551 267 1594 coram
283 1526 458 1614 wereqeldo
475 1529 598 1612 opitur,
613 1537 734 1591 temtum
748 1529 929 1613 qemuiuum
944 1535 1167 1592 seruauerunt.
1205 1527 1279 1592 Tri·

157 1612 268 1676 buitur
289 1612 376 1676 euim
399 1634 421 1675 a
442 1612 609 1676 codicibus
623 1613 656 1674 A
672 1613 753 1677 1-8
776 1609 893 1677 clerico
908 1610 1120 1698 wereqeldum
1134 1611 1282 1676 Romami

156 1698 298 1780 iuqeaui
325 1697 390 1778 (tit.
413 1695 464 1776 36,
486 1719 512 1760 c.
534 1695 583 1775 5).
630 1693 723 1769 Quae
744 1718 797 1760 res
842 1696 938 1760 uauti
957 1697 1109 1759 momenti
1130 1696 1183 1776 sit,
1210 1697 1280 1759 ium

157 1801 264 1864 supra
299 1784 345 1861 (35.
373 1778 411 1858 4)
448 1780 629 1864 eupositum
664 1788 755 1845 cst¹'.
858 1781 926 1843 iam
962 1780 1008 1844 ad
1044 1781 1159 1864 cupita
1191 1780 1221 1845 6.
1249 1779 1280 1843 7.

156 1861 245 1927 tituli
266 1862 317 1928 36.
346 1864 479 1927 animus
501 1863 721 1927 advertendus
743 1872 797 1944 est,
828 1862 885 1927 ubi
906 1865 1031 1929 codices
1053 1863 1084 1926 A
1101 1861 1182 1926 1-7
1205 1861 1280 1928 sub-

157 1947 297 2012 diacono
326 1955 422 2031 atque
451 1947 592 2011 diacona
621 1948 733 2028 mimus
754 1946 965 2034 uerepeldum
991 1947 1150 2028 tribuunt,
1181 1968 1281 2032 quam

157 2030 277 2116 reliqui
304 2030 441 2096 codices.
491 2031 606 2095 Minus
638 2033 724 2096 euim
753 2031 964 2117 uereqeldum
991 2053 1064 2097 cum
1092 2032 1281 2116 antiquiore

156 2115 230 2178 iure
251 2135 431 2201 coaqruere
452 2115 535 2177 satis
557 2123 692 2179 coastat.

245 2196 424 2272 Quaeram
440 2199 489 2260 ita
504 2199 581 2278 sint,
596 2196 723 2261 codices
734 2197 850 2263 classis
862 2199 892 2260 A
908 2200 981 2262 anti
1003 2198 1126 2261 uiorem
1147 2205 1279 2276 tectum,

158 2283 304 2366 qemuiao
325 2281 429 2345 teutui
445 2282 721 2365 propinquiorem
743 2283 907 2345 comtiaere
929 2282 964 2344 ri
988 2288 1093 2344 eatur.

611 2398 775 2468 Classis
796 2401 829 2465 B

154 2501 326 2587 plerosque
355 2502 480 2568 codices
509 2503 592 2652 leqis
614 2504 811 2585 Ilibuariue,
840 2494 955 2590 eosque
976 2503 1169 2588 plerumque
1196 2503 1284 2566 iuter

157 2609 191 2651 se
207 2596 432 2673 couqrueutes,
448 2609 539 2672 comp
554 2590 678 2652 ectitur.
724 2589 844 2653 Tactus
858 2589 890 2652 Β
913 2612 934 2652 a
955 2597 1045 2652 teuta
1064 2589 1094 2650 A
1115 2588 1282 2672 imprimis

157 2691 193 2735 eo
216 2670 393 2755 discrepat,
416 2672 502 2756 quod
518 2694 590 2755 pur
614 2681 672 2736 ata
691 2674 793 2819 quasi
812 2681 842 2737 et
860 2671 967 2757 polita
980 2671 1098 2756 forma
1120 2670 1203 2756 lepis
1220 2668 1281 2734 Ri-

157 2754 298 2819 buarioe
332 2778 353 2819 a
386 2756 552 2819 codicibus
648 2755 825 2820 exibetur.
887 2755 982 2820 Voces
1021 2755 1183 2819 barbarae
1224 2763 1284 2818 aut

158 2839 296 2903 omissae
325 2847 385 2902 aut
412 2838 544 2905 uocibus
566 2840 700 2903 Latiais
729 2839 914 2922 euplicatue
935 2847 1022 2902 sicat.
1072 2839 1138 2902 Βνο
1164 2847 1305 2919 texaga¹

156 2920 296 3008 leqimus
320 2924 357 2985 ia
385 2923 551 2986 codicibus
580 2922 613 2985 B
640 2921 759 2984 furtum
791 2922 870 3005 (cfr.
899 2943 948 2984 erc.
971 2945 1022 3006 qr,
1045 2924 1091 2987 tit.
1117 2921 1167 3001 18,
1196 2943 1222 2984 c.
1248 2921 1285 2997 1,-

157 3007 206 3068 tit.
229 3005 280 3084 65,
302 3027 328 3067 c.
351 3004 389 3085 2,·
412 3005 460 3068 tit.
483 3005 534 3084 74,
557 3029 583 3068 c.
606 3006 636 3066 8.
659 3012 764 3069 temtus
786 3006 846 3086 Β),
876 3005 966 3069 uerbi
995 3004 1108 3069 werire
1135 3004 1205 3069 loca
1231 3025 1284 3068 co·

156 3088 244 3151 dices
265 3088 297 3151 B
320 3088 468 3152 scribaat
489 3086 661 3153 defendere
688 3090 755 3172 (tit.
778 3089 829 3169 61,
852 3112 879 3154 c.
901 3089 931 3154 6.
953 3096 1027 3153 terct.
1051 3089 1112 3170 Β),
1135 3111 1201 3174 pro
1216 3085 1284 3152 'ad-

157 3172 281 3235 msnire
309 3172 341 3235 Β
370 3171 464 3237 babet
491 3192 688 3256 congregare
717 3175 782 3255 (tit.
810 3171 860 3254 62,
891 3198 918 3238 c.
943 3173 971 3236 1.
1000 3181 1075 3237 teoct.
1097 3173 1157 3253 Β).
1209 3171 1286 3238 Voci

158 3276 285 3340 wargus
314 3264 423 3320 rectus
451 3257 484 3320 Β
514 3257 626 3322 addit:
659 3254 720 3320 hoo
750 3266 800 3321 est
827 3255 981 3342 expulsus
1020 3259 1084 3339 (tit.
1114 3256 1165 3337 87,
1195 3280 1222 3321 c.
1252 3255 1282 3325 2.

158 3348 232 3403 tect.
248 3339 308 3420 Β).
338 3339 448 3406 Vocem
470 3364 596 3427 quoque
618 3339 808 3406 maleficium
831 3351 938 3406 tectus
952 3342 985 3405 B
1000 3339 1189 3425 euplicuoit,
1210 3363 1284 3405 cum

158 3422 300 3489 scribat:
330 3444 390 3510 per
417 3446 577 3491 venenum
599 3447 657 3490 seu
710 3448 745 3490 er
770 3423 899 3511 aliquod
922 3423 1116 3490 maleficium
1142 3425 1207 3506 (tit.
1231 3423 1283 3503 85,

158 3529 185 3570 c.
210 3510 238 3569 l.
265 3515 341 3571 teuc.
363 3508 460 3587 B)¹⁸.
516 3510 557 3573 Iu
590 3447 740 3574 cantius
772 3512 905 3575 omniuo
930 3509 1087 3594 partibus
1117 3516 1223 3573 temtus
1250 3506 1285 3571 B

160 3722 206 3789 17)
228 3720 315 3773 Codex
335 3723 357 3772 A
379 3724 395 3771 9
415 3739 474 3774 cum
493 3731 592 3775 tectum
606 3725 718 3790 praebet
736 3724 765 3775 in
784 3722 858 3776 titulo
872 3726 916 3788 36,
936 3742 957 3775 c.
972 3724 997 3787 b,
1017 3725 1064 3789 qui
1076 3722 1156 3789 quusi
1168 3723 1283 3775 medium

157 3796 227 3847 iuter
246 3802 345 3846 tectum
362 3796 508 3861 qenuimum
527 3806 606 3863 atque
625 3804 724 3849 tectum
744 3798 880 3864 culpatum
900 3805 995 3848 terreat.
1027 3796 1114 3848 Codex
1133 3795 1204 3848 Alo
1224 3814 1284 3849 cum

156 3876 231 3920 textu
249 3869 357 3935 cumulo
377 3869 506 3936 coaqruit.
557 3869 608 3931 Qui
631 3871 732 3921 codices
757 3887 814 3922 cum
840 3869 868 3921 iu
895 3870 956 3920 aliis
982 3870 1060 3920 rebus
1085 3887 1144 3921 cum
1166 3876 1239 3921 textu
1258 3867 1284 3920 A

157 3958 236 4008 saepe
265 3948 421 4008 compruant,
450 3942 621 3994 nihilomiuus
649 3944 730 3995 classi
761 3941 785 3994 A
814 3943 999 4009 adiuuqeudos
1028 3960 1070 3994 eos
1097 3960 1152 3995 esse
1176 3943 1283 4009 putari.

157 4014 252 4067 Getta
269 4013 295 4066 A
316 4015 363 4078 10,
388 4015 523 4066 interdum
548 4017 627 4067 etiam
651 4017 738 4068 codice
756 4014 780 4067 A
800 4019 815 4066 9
841 4017 930 4067 inedia
953 4033 1022 4081 quoe
1046 4016 1116 4067 iuter
1137 4015 1284 4084 pecuinam

158 4096 183 4140 et
201 4088 339 4156 culpatum
358 4096 457 4139 tectum
476 4087 540 4156 lepis
559 4087 708 4141 Ribuuriae
719 4089 813 4154 formu
832 4090 957 4141 traditur.
978 4117 1013 4128 -
1032 4090 1068 4140 In
1087 4089 1175 4141 codice
1193 4086 1218 4140 A
1239 4090 1283 4153 11,

156 4159 205 4226 qui
225 4162 384 4228 srcpmeato
413 4170 516 4213 tautum
544 4161 608 4228 lepis
636 4160 785 4213 Ribuorioc
813 4162 928 4227 exbibet,
960 4163 998 4215 cu.
1025 4163 1074 4226 36,
1102 4179 1123 4214 r.
1150 4163 1176 4214 b.
1203 4163 1283 4215 deest.

160 4233 208 4301 1⁸)
228 4233 282 4299 cyr.
297 4233 374 4285 ctiam
389 4233 428 4286 tit.
442 4235 486 4299 69,
506 4255 527 4287 c.
542 4238 559 4286 b
575 4236 649 4298 (tect.
663 4235 725 4301 B.).·
743 4236 770 4285 in
790 4235 867 4288 hasla
885 4237 937 4287 hoc
958 4243 998 4289 est
1016 4237 1044 4286 in
1064 4251 1139 4287 ramo
1159 4237 1232 4300 (tect.
1246 4232 1287 4285 A.-

157 4307 186 4357 in
206 4307 326 4372 colloco).
369 4307 418 4359 otc.
434 4309 467 4359 23
483 4309 557 4374 (teat.
570 4310 609 4374 Β)
629 4306 687 4361 coci
704 4310 853 4361 tremissem
873 4309 999 4361 additur:
1017 4309 1045 4360 id
1065 4314 1107 4360 est
1125 4308 1286 4360 Adincn‘oc.

1035 4409 1051 4458 2
