<?xml version="1.0" encoding="UTF-8"?>
<!DOCTYPE html PUBLIC "-//W3C//DTD XHTML 1.0 Transitional//EN"
    "http://www.w3.org/TR/xhtml1/DTD/xhtml1-transitional.dtd">
<html xmlns="http://www.w3.org/1999/xhtml" xml:lang="en" lang="en">
 <head>
  <title>
</title>
<meta http-equiv="Content-Type" content="text/html;charset=utf-8" />
  <meta name='ocr-system' content='tesseract 3.04.00' />
  <meta name='ocr-capabilities' content='ocr_page ocr_carea ocr_par ocr_line ocrx_word'/>
</head>
<body>
  <div class='ocr_page' id='page_1' title='image "./fontesiurisgerm02unkngoog_0091.png"; bbox 0 0 2956 4944; ppageno 0'>
   <div class='ocr_carea' id='block_1_1' title="bbox 674 327 957 386">
    <p class='ocr_par' dir='ltr' id='par_1_1' title="bbox 674 327 957 386">
     <span class='ocr_line' id='line_1_1' title="bbox 674 327 957 386; baseline 0.004 -2"><span class='ocrx_word' id='word_1_1' title='bbox 674 329 752 386; x_wconf 84' lang='lat' dir='ltr'><strong>LEX</strong></span> <span class='ocrx_word' id='word_1_2' title='bbox 771 327 957 386; x_wconf 74' lang='lat' dir='ltr'><strong>alaudam</strong></span> 
     </span>
    </p>
   </div>
   <div class='ocr_carea' id='block_1_2' title="bbox 705 505 908 578">
    <p class='ocr_par' dir='ltr' id='par_1_2' title="bbox 705 505 908 578">
     <span class='ocr_line' id='line_1_2' title="bbox 705 505 908 578; baseline 0 -2"><span class='ocrx_word' id='word_1_3' title='bbox 705 523 727 576; x_wconf 84' lang='lat' dir='ltr'><strong>a</strong></span> <span class='ocrx_word' id='word_1_4' title='bbox 746 521 848 577; x_wconf 83' lang='lat' dir='ltr'><strong>cono.</strong></span> <span class='ocrx_word' id='word_1_5' title='bbox 868 505 908 578; x_wconf 87' lang='grc' dir='ltr'><strong>Α.</strong></span> 
     </span>
    </p>
   </div>
   <div class='ocr_carea' id='block_1_3' title="bbox 237 642 1405 1248">
    <p class='ocr_par' dir='ltr' id='par_1_3' title="bbox 237 642 1405 1248">
     <span class='ocr_line' id='line_1_3' title="bbox 237 642 1405 743; baseline -0.005 -23"><span class='ocrx_word' id='word_1_6' title='bbox 237 645 411 720; x_wconf 91' lang='lat' dir='ltr'><strong>titionem</strong></span> <span class='ocrx_word' id='word_1_7' title='bbox 431 644 628 743; x_wconf 86' lang='lat' dir='ltr'><strong>culpabilis</strong></span> <span class='ocrx_word' id='word_1_8' title='bbox 647 642 847 738; x_wconf 88' lang='lat' dir='ltr'><strong>iudicetur,</strong></span> <span class='ocrx_word' id='word_1_9' title='bbox 867 653 905 716; x_wconf 90' lang='lat' dir='ltr'><strong>et</strong></span> <span class='ocrx_word' id='word_1_10' title='bbox 919 643 1076 740; x_wconf 84' lang='lat' dir='ltr'>insuper</span> <span class='ocrx_word' id='word_1_11' title='bbox 1090 642 1135 714; x_wconf 88' lang='lat' dir='ltr'><strong>ad</strong></span> <span class='ocrx_word' id='word_1_12' title='bbox 1149 651 1300 739; x_wconf 92' lang='lat' dir='ltr'><strong>partem</strong></span> <span class='ocrx_word' id='word_1_13' title='bbox 1314 665 1405 715; x_wconf 92' lang='lat' dir='ltr'><strong>can·</strong></span> 
     </span>
     <span class='ocr_line' id='line_1_4' title="bbox 238 740 1402 843; baseline -0.005 -21"><span class='ocrx_word' id='word_1_14' title='bbox 238 745 384 822; x_wconf 89' lang='lat' dir='ltr'><strong>cellarii</strong></span> <span class='ocrx_word' id='word_1_15' title='bbox 410 750 458 822; x_wconf 80' lang='lat'><strong>15</strong></span> <span class='ocrx_word' id='word_1_16' title='bbox 480 744 623 820; x_wconf 88' lang='lat' dir='ltr'><strong>solidos</strong></span> <span class='ocrx_word' id='word_1_17' title='bbox 649 742 849 843; x_wconf 88' lang='lat' dir='ltr'><strong>culpabilis</strong></span> <span class='ocrx_word' id='word_1_18' title='bbox 884 742 1072 816; x_wconf 88' lang='lat' dir='ltr'><strong>iudicetur</strong></span> <span class='ocrx_word' id='word_1_19' title='bbox 1105 741 1161 838; x_wconf 91' lang='lat' dir='ltr'><strong>[et</strong></span> <span class='ocrx_word' id='word_1_20' title='bbox 1191 740 1402 840; x_wconf 90' lang='lat' dir='ltr'><strong>unicuique</strong></span> 
     </span>
     <span class='ocr_line' id='line_1_5' title="bbox 239 842 1402 943; baseline -0.003 -21"><span class='ocrx_word' id='word_1_21' title='bbox 239 851 285 922; x_wconf 91' lang='lat' dir='ltr'><strong>de</strong></span> <span class='ocrx_word' id='word_1_22' title='bbox 318 847 479 922; x_wconf 86' lang='lat' dir='ltr'><strong>testibus</strong></span> <span class='ocrx_word' id='word_1_23' title='bbox 515 846 561 920; x_wconf 87' lang='lat'><strong>15</strong></span> <span class='ocrx_word' id='word_1_24' title='bbox 589 845 729 920; x_wconf 89' lang='lat' dir='ltr'><strong>solidos</strong></span> <span class='ocrx_word' id='word_1_25' title='bbox 758 844 956 943; x_wconf 90' lang='lat' dir='ltr'><strong>culpabilis</strong></span> <span class='ocrx_word' id='word_1_26' title='bbox 986 842 1210 940; x_wconf 87' lang='lat' dir='ltr'><strong>iudicetur],</strong></span> <span class='ocrx_word' id='word_1_27' title='bbox 1250 844 1402 943; x_wconf 89' lang='lat' dir='ltr'><strong>etipse</strong></span> 
     </span>
     <span class='ocr_line' id='line_1_6' title="bbox 238 943 1401 1043; baseline -0.004 -20"><span class='ocrx_word' id='word_1_28' title='bbox 238 956 489 1023; x_wconf 81' lang='lat' dir='ltr'><strong>testamentus</strong></span> <span class='ocrx_word' id='word_1_29' title='bbox 509 945 713 1019; x_wconf 91' lang='lat' dir='ltr'><strong>inviolatus</strong></span> <span class='ocrx_word' id='word_1_30' title='bbox 732 956 963 1043; x_wconf 88' lang='lat' dir='ltr'><strong>perseveret.</strong></span> <span class='ocrx_word' id='word_1_31' title='bbox 997 943 1035 1019; x_wconf 88' lang='lat' dir='ltr'><strong>Si</strong></span> <span class='ocrx_word' id='word_1_32' title='bbox 1052 955 1180 1018; x_wconf 93' lang='lat' dir='ltr'><strong>autem</strong></span> <span class='ocrx_word' id='word_1_33' title='bbox 1194 954 1401 1037; x_wconf 90' lang='lat' dir='ltr'><strong>testamen·</strong></span> 
     </span>
     <span class='ocr_line' id='line_1_7' title="bbox 238 1044 1399 1143; baseline -0.004 -19"><span class='ocrx_word' id='word_1_34' title='bbox 238 1062 300 1125; x_wconf 88' lang='lat' dir='ltr'><strong>tus</strong></span> <span class='ocrx_word' id='word_1_35' title='bbox 320 1048 480 1122; x_wconf 85' lang='lat' dir='ltr'><strong>falsatus</strong></span> <span class='ocrx_word' id='word_1_36' title='bbox 500 1046 627 1143; x_wconf 87' lang='lat' dir='ltr'><strong>fuerit,</strong></span> <span class='ocrx_word' id='word_1_37' title='bbox 647 1057 736 1120; x_wconf 90' lang='lat' dir='ltr'><strong>tunc</strong></span> <span class='ocrx_word' id='word_1_38' title='bbox 755 1045 824 1142; x_wconf 90' lang='lat' dir='ltr'><strong>illi,</strong></span> <span class='ocrx_word' id='word_1_39' title='bbox 844 1045 907 1143; x_wconf 92' lang='lat' dir='ltr'><strong>qui</strong></span> <span class='ocrx_word' id='word_1_40' title='bbox 928 1069 1082 1120; x_wconf 88' lang='lat' dir='ltr'><strong>causam</strong></span> <span class='ocrx_word' id='word_1_41' title='bbox 1101 1044 1286 1143; x_wconf 91' lang='lat' dir='ltr'><strong>sequitur,</strong></span> <span class='ocrx_word' id='word_1_42' title='bbox 1304 1069 1399 1142; x_wconf 89' lang='lat' dir='ltr'><strong>rem,</strong></span> 
     </span>
     <span class='ocr_line' id='line_1_8' title="bbox 239 1144 1402 1248; baseline -0.003 -25"><span class='ocrx_word' id='word_1_43' title='bbox 239 1151 339 1248; x_wconf 93' lang='lat' dir='ltr'><strong>quod</strong></span> <span class='ocrx_word' id='word_1_44' title='bbox 367 1146 516 1246; x_wconf 85' lang='lat' dir='ltr'><strong>repetit,</strong></span> <span class='ocrx_word' id='word_1_45' title='bbox 546 1170 632 1220; x_wconf 91' lang='lat' dir='ltr'><strong>oum</strong></span> <span class='ocrx_word' id='word_1_46' title='bbox 651 1151 700 1223; x_wconf 86' lang='grc'><strong>60</strong></span> <span class='ocrx_word' id='word_1_47' title='bbox 718 1144 862 1221; x_wconf 88' lang='lat' dir='ltr'><strong>solidos</strong></span> <span class='ocrx_word' id='word_1_48' title='bbox 881 1146 1054 1245; x_wconf 89' lang='lat' dir='ltr'><strong>recipiat,</strong></span> <span class='ocrx_word' id='word_1_49' title='bbox 1081 1155 1120 1219; x_wconf 88' lang='lat' dir='ltr'><strong>et</strong></span> <span class='ocrx_word' id='word_1_50' title='bbox 1136 1144 1294 1243; x_wconf 87' lang='lat' dir='ltr'><strong>insuper</strong></span> <span class='ocrx_word' id='word_1_51' title='bbox 1313 1170 1402 1221; x_wconf 91' lang='lat' dir='ltr'><strong>can·</strong></span> 
     </span>
    </p>
   </div>
   <div class='ocr_carea' id='block_1_4' title="bbox 238 1246 1402 2135">
    <p class='ocr_par' dir='ltr' id='par_1_4' title="bbox 238 1246 1401 1526">
     <span class='ocr_line' id='line_1_9' title="bbox 240 1246 1400 1346; baseline -0.003 -23"><span class='ocrx_word' id='word_1_52' title='bbox 240 1249 393 1324; x_wconf 89' lang='lat' dir='ltr'><strong>cellario</strong></span> <span class='ocrx_word' id='word_1_53' title='bbox 429 1248 534 1346; x_wconf 87' lang='lat' dir='ltr'><strong>polix</strong></span> <span class='ocrx_word' id='word_1_54' title='bbox 574 1248 705 1322; x_wconf 85' lang='lat' dir='ltr'><strong>dexter</strong></span> <span class='ocrx_word' id='word_1_55' title='bbox 743 1248 957 1343; x_wconf 81' lang='lat' dir='ltr'><strong>auferatur,</strong></span> <span class='ocrx_word' id='word_1_56' title='bbox 1002 1257 1068 1320; x_wconf 95' lang='lat' dir='ltr'><strong>aut</strong></span> <span class='ocrx_word' id='word_1_57' title='bbox 1107 1271 1195 1320; x_wconf 91' lang='lat' dir='ltr'><strong>eum</strong></span> <span class='ocrx_word' id='word_1_58' title='bbox 1235 1246 1318 1345; x_wconf 88' lang='lat' dir='ltr'><strong>quis</strong></span> <span class='ocrx_word' id='word_1_59' title='bbox 1362 1247 1400 1320; x_wconf 92' lang='lat' dir='ltr'><strong>in</strong></span> 
     </span>
     <span class='ocr_line' id='line_1_10' title="bbox 238 1347 1401 1448; baseline -0.007 -20"><span class='ocrx_word' id='word_1_60' title='bbox 238 1355 289 1428; x_wconf 90' lang='lat'><strong>50</strong></span> <span class='ocrx_word' id='word_1_61' title='bbox 306 1349 446 1424; x_wconf 87' lang='lat' dir='ltr'><strong>solidos</strong></span> <span class='ocrx_word' id='word_1_62' title='bbox 466 1348 639 1446; x_wconf 90' lang='lat' dir='ltr'><strong>redimat,</strong></span> <span class='ocrx_word' id='word_1_63' title='bbox 664 1361 701 1423; x_wconf 91' lang='lat' dir='ltr'><strong>et</strong></span> <span class='ocrx_word' id='word_1_64' title='bbox 723 1348 981 1448; x_wconf 91' lang='lat' dir='ltr'><strong>unusquisque</strong></span> <span class='ocrx_word' id='word_1_65' title='bbox 1001 1349 1047 1422; x_wconf 91' lang='lat' dir='ltr'><strong>de</strong></span> <span class='ocrx_word' id='word_1_66' title='bbox 1065 1347 1224 1422; x_wconf 89' lang='lat' dir='ltr'><strong>testibus</strong></span> <span class='ocrx_word' id='word_1_67' title='bbox 1246 1350 1292 1422; x_wconf 89' lang='lat'><strong>15</strong></span> <span class='ocrx_word' id='word_1_68' title='bbox 1310 1347 1401 1422; x_wconf 91' lang='lat' dir='ltr'><strong>soli·</strong></span> 
     </span>
     <span class='ocr_line' id='line_1_11' title="bbox 239 1451 520 1526; baseline 0 -2"><span class='ocrx_word' id='word_1_69' title='bbox 239 1453 308 1526; x_wconf 91' lang='lat' dir='ltr'><strong>dos</strong></span> <span class='ocrx_word' id='word_1_70' title='bbox 328 1451 520 1526; x_wconf 89' lang='lat' dir='ltr'><strong>multetur.</strong></span> 
     </span>
    </p>

    <p class='ocr_par' dir='ltr' id='par_1_5' title="bbox 238 1547 1402 2052">
     <span class='ocr_line' id='line_1_12' title="bbox 341 1547 1401 1649; baseline -0.003 -23"><span class='ocrx_word' id='word_1_71' title='bbox 341 1557 374 1626; x_wconf 91' lang='grc'><strong>4.</strong></span> <span class='ocrx_word' id='word_1_72' title='bbox 410 1551 517 1640; x_wconf 86' lang='lat' dir='ltr'><strong>Quod</strong></span> <span class='ocrx_word' id='word_1_73' title='bbox 536 1551 567 1623; x_wconf 90' lang='lat' dir='ltr'><strong>si</strong></span> <span class='ocrx_word' id='word_1_74' title='bbox 587 1550 656 1647; x_wconf 86' lang='lat' dir='ltr'><strong>iili,</strong></span> <span class='ocrx_word' id='word_1_75' title='bbox 675 1550 740 1649; x_wconf 93' lang='lat' dir='ltr'><strong>qui</strong></span> <span class='ocrx_word' id='word_1_76' title='bbox 760 1574 914 1624; x_wconf 90' lang='lat' dir='ltr'><strong>causam</strong></span> <span class='ocrx_word' id='word_1_77' title='bbox 932 1547 1115 1648; x_wconf 89' lang='lat' dir='ltr'><strong>sequitur,</strong></span> <span class='ocrx_word' id='word_1_78' title='bbox 1135 1573 1291 1623; x_wconf 91' lang='lat' dir='ltr'><strong>manum</strong></span> <span class='ocrx_word' id='word_1_79' title='bbox 1312 1574 1401 1623; x_wconf 90' lang='lat' dir='ltr'><strong>can·</strong></span> 
     </span>
     <span class='ocr_line' id='line_1_13' title="bbox 239 1649 1401 1747; baseline 0 -21"><span class='ocrx_word' id='word_1_80' title='bbox 239 1652 384 1727; x_wconf 90' lang='lat' dir='ltr'><strong>cellarii</strong></span> <span class='ocrx_word' id='word_1_81' title='bbox 404 1655 450 1725; x_wconf 89' lang='lat' dir='ltr'><strong>de</strong></span> <span class='ocrx_word' id='word_1_82' title='bbox 469 1651 601 1726; x_wconf 88' lang='lat' dir='ltr'><strong>altario</strong></span> <span class='ocrx_word' id='word_1_83' title='bbox 620 1650 789 1747; x_wconf 87' lang='lat' dir='ltr'><strong>traxerit,</strong></span> <span class='ocrx_word' id='word_1_84' title='bbox 809 1661 874 1724; x_wconf 92' lang='lat' dir='ltr'><strong>aut</strong></span> <span class='ocrx_word' id='word_1_85' title='bbox 893 1661 979 1724; x_wconf 89' lang='lat' dir='ltr'><strong>ante</strong></span> <span class='ocrx_word' id='word_1_86' title='bbox 999 1649 1140 1724; x_wconf 92' lang='lat' dir='ltr'><strong>ostium</strong></span> <span class='ocrx_word' id='word_1_87' title='bbox 1158 1649 1306 1724; x_wconf 86' lang='lat' dir='ltr'><strong>basilici</strong></span> <span class='ocrx_word' id='word_1_88' title='bbox 1322 1676 1401 1726; x_wconf 92' lang='lat' dir='ltr'><strong>ma-</strong></span> 
     </span>
     <span class='ocr_line' id='line_1_14' title="bbox 238 1751 1401 1851; baseline -0.001 -24"><span class='ocrx_word' id='word_1_89' title='bbox 238 1751 351 1827; x_wconf 85' lang='lat' dir='ltr'><strong>num*</strong></span> <span class='ocrx_word' id='word_1_90' title='bbox 368 1752 552 1851; x_wconf 88' lang='lat' dir='ltr'><strong>posuerit,</strong></span> <span class='ocrx_word' id='word_1_91' title='bbox 576 1760 665 1823; x_wconf 91' lang='lat' dir='ltr'><strong>tunc</strong></span> <span class='ocrx_word' id='word_1_92' title='bbox 683 1753 794 1824; x_wconf 92' lang='lat' dir='ltr'><strong>ambo</strong></span> <span class='ocrx_word' id='word_1_93' title='bbox 815 1751 1138 1849; x_wconf 79' lang='lat' dir='ltr'><strong>constringantur,</strong></span> <span class='ocrx_word' id='word_1_94' title='bbox 1165 1761 1206 1825; x_wconf 92' lang='lat' dir='ltr'><strong>ut</strong></span> <span class='ocrx_word' id='word_1_95' title='bbox 1225 1775 1267 1825; x_wconf 91' lang='lat' dir='ltr'><strong>se</strong></span> <span class='ocrx_word' id='word_1_96' title='bbox 1285 1775 1401 1850; x_wconf 91' lang='lat' dir='ltr'><strong>super</strong></span> 
     </span>
     <span class='ocr_line' id='line_1_15' title="bbox 243 1852 1402 1951; baseline -0.002 -23"><span class='ocrx_word' id='word_1_97' title='bbox 243 1858 288 1928; x_wconf 85' lang='lat'><strong>14</strong></span> <span class='ocrx_word' id='word_1_98' title='bbox 306 1852 427 1926; x_wconf 89' lang='lat' dir='ltr'><strong>noctis</strong></span> <span class='ocrx_word' id='word_1_99' title='bbox 447 1877 513 1925; x_wconf 90' lang='lat' dir='ltr'><strong>seu</strong></span> <span class='ocrx_word' id='word_1_100' title='bbox 533 1875 648 1949; x_wconf 90' lang='lat' dir='ltr'><strong>super</strong></span> <span class='ocrx_word' id='word_1_101' title='bbox 662 1853 711 1925; x_wconf 91' lang='grc'><strong>40</strong></span> <span class='ocrx_word' id='word_1_102' title='bbox 725 1863 810 1925; x_wconf 89' lang='lat' dir='ltr'><strong>ante</strong></span> <span class='ocrx_word' id='word_1_103' title='bbox 824 1876 917 1951; x_wconf 81' lang='lat' dir='ltr'><strong>rege</strong></span> <span class='ocrx_word' id='word_1_104' title='bbox 932 1863 1217 1949; x_wconf 90' lang='lat' dir='ltr'><strong>repraesentare</strong></span> <span class='ocrx_word' id='word_1_105' title='bbox 1233 1853 1402 1927; x_wconf 86' lang='lat' dir='ltr'><strong>studiant</strong></span> 
     </span>
     <span class='ocr_line' id='line_1_16' title="bbox 238 1951 452 2052; baseline -0.009 -27"><span class='ocrx_word' id='word_1_106' title='bbox 238 1951 452 2052; x_wconf 80' lang='lat' dir='ltr'><strong>pugnatori.</strong></span> 
     </span>
    </p>

    <p class='ocr_par' dir='ltr' id='par_1_6' title="bbox 337 2051 988 2135">
     <span class='ocr_line' id='line_1_17' title="bbox 337 2051 988 2135; baseline 0.008 -23"><span class='ocrx_word' id='word_1_107' title='bbox 337 2051 362 2135; x_wconf 70' lang='lat'><strong>*1</strong></span> <span class='ocrx_word' id='word_1_108' title='bbox 386 2059 509 2132; x_wconf 85' lang='lat' dir='ltr'><strong>spatam</strong></span> <span class='ocrx_word' id='word_1_109' title='bbox 532 2061 563 2122; x_wconf 84' lang='lat'><strong>4;</strong></span> <span class='ocrx_word' id='word_1_110' title='bbox 584 2068 712 2111; x_wconf 90' lang='lat' dir='ltr'><strong>manum</strong></span> <span class='ocrx_word' id='word_1_111' title='bbox 735 2069 792 2112; x_wconf 89' lang='lat' dir='ltr'><strong>seu</strong></span> <span class='ocrx_word' id='word_1_112' title='bbox 814 2056 939 2132; x_wconf 88' lang='lat' dir='ltr'><strong>spatam</strong></span> <span class='ocrx_word' id='word_1_113' title='bbox 962 2062 988 2117; x_wconf 83' lang='grc'><strong>9.</strong></span> 
     </span>
    </p>
   </div>
   <div class='ocr_carea' id='block_1_5' title="bbox 239 2154 1402 2758">
    <p class='ocr_par' dir='ltr' id='par_1_7' title="bbox 239 2154 1401 2558">
     <span class='ocr_line' id='line_1_18' title="bbox 341 2154 1400 2252; baseline -0.003 -20"><span class='ocrx_word' id='word_1_114' title='bbox 341 2159 376 2232; x_wconf 86' lang='grc'><strong>5.</strong></span> <span class='ocrx_word' id='word_1_115' title='bbox 416 2155 455 2230; x_wconf 91' lang='lat' dir='ltr'><strong>Si</strong></span> <span class='ocrx_word' id='word_1_116' title='bbox 476 2165 602 2229; x_wconf 90' lang='lat' dir='ltr'><strong>autem</strong></span> <span class='ocrx_word' id='word_1_117' title='bbox 628 2154 877 2230; x_wconf 89' lang='lat' dir='ltr'><strong>cancellarius</strong></span> <span class='ocrx_word' id='word_1_118' title='bbox 904 2166 1073 2230; x_wconf 92' lang='lat' dir='ltr'><strong>mortuus</strong></span> <span class='ocrx_word' id='word_1_119' title='bbox 1094 2155 1220 2252; x_wconf 86' lang='lat' dir='ltr'><strong>fuerit,</strong></span> <span class='ocrx_word' id='word_1_120' title='bbox 1245 2167 1338 2230; x_wconf 91' lang='lat' dir='ltr'><strong>tuuc</strong></span> <span class='ocrx_word' id='word_1_121' title='bbox 1365 2156 1400 2230; x_wconf 89' lang='lat' dir='ltr'><strong>ei</strong></span> 
     </span>
     <span class='ocr_line' id='line_1_19' title="bbox 239 2255 1401 2357; baseline 0.001 -28"><span class='ocrx_word' id='word_1_122' title='bbox 239 2257 398 2355; x_wconf 81' lang='lat' dir='ltr'><strong>[liceat],</strong></span> <span class='ocrx_word' id='word_1_123' title='bbox 421 2257 484 2357; x_wconf 93' lang='lat' dir='ltr'><strong>qui</strong></span> <span class='ocrx_word' id='word_1_124' title='bbox 505 2280 587 2330; x_wconf 90' lang='lat' dir='ltr'><strong>rem</strong></span> <span class='ocrx_word' id='word_1_125' title='bbox 612 2255 858 2355; x_wconf 89' lang='lat' dir='ltr'><strong>comparavit,</strong></span> <span class='ocrx_word' id='word_1_126' title='bbox 879 2281 964 2330; x_wconf 91' lang='lat' dir='ltr'><strong>cum</strong></span> <span class='ocrx_word' id='word_1_127' title='bbox 988 2259 1009 2330; x_wconf 85' lang='lat'><strong>3</strong></span> <span class='ocrx_word' id='word_1_128' title='bbox 1035 2267 1171 2354; x_wconf 90' lang='lat' dir='ltr'><strong>cartas,</strong></span> <span class='ocrx_word' id='word_1_129' title='bbox 1199 2257 1299 2355; x_wconf 91' lang='lat' dir='ltr'><strong>quod</strong></span> <span class='ocrx_word' id='word_1_130' title='bbox 1326 2257 1401 2356; x_wconf 93' lang='lat' dir='ltr'><strong>ipsi</strong></span> 
     </span>
     <span class='ocr_line' id='line_1_20' title="bbox 240 2356 1401 2457; baseline 0.001 -26"><span class='ocrx_word' id='word_1_131' title='bbox 240 2359 488 2433; x_wconf 89' lang='lat' dir='ltr'><strong>cancellarius</strong></span> <span class='ocrx_word' id='word_1_132' title='bbox 520 2356 691 2455; x_wconf 76' lang='lat' dir='ltr'><strong>scripsit,</strong></span> <span class='ocrx_word' id='word_1_133' title='bbox 725 2359 864 2456; x_wconf 89' lang='lat' dir='ltr'><strong>absque</strong></span> <span class='ocrx_word' id='word_1_134' title='bbox 901 2382 1071 2457; x_wconf 84' lang='lat' dir='ltr'><strong>pugnam</strong></span> <span class='ocrx_word' id='word_1_135' title='bbox 1111 2369 1253 2432; x_wconf 90' lang='lat' dir='ltr'><strong>cartam</strong></span> <span class='ocrx_word' id='word_1_136' title='bbox 1290 2383 1401 2433; x_wconf 93' lang='lat' dir='ltr'><strong>suam</strong></span> 
     </span>
     <span class='ocr_line' id='line_1_21' title="bbox 239 2458 856 2558; baseline -0.002 -27"><span class='ocrx_word' id='word_1_137' title='bbox 239 2484 353 2558; x_wconf 90' lang='lat' dir='ltr'><strong>super</strong></span> <span class='ocrx_word' id='word_1_138' title='bbox 372 2459 507 2532; x_wconf 89' lang='lat' dir='ltr'><strong>altario</strong></span> <span class='ocrx_word' id='word_1_139' title='bbox 527 2458 653 2556; x_wconf 91' lang='lat' dir='ltr'><strong>posita</strong></span> <span class='ocrx_word' id='word_1_140' title='bbox 673 2458 856 2532; x_wconf 90' lang='lat' dir='ltr'><strong>etuniare.</strong></span> 
     </span>
    </p>

    <p class='ocr_par' dir='ltr' id='par_1_8' title="bbox 241 2558 1402 2758">
     <span class='ocr_line' id='line_1_22' title="bbox 342 2558 1402 2658; baseline 0.001 -23"><span class='ocrx_word' id='word_1_141' title='bbox 342 2564 377 2635; x_wconf 88' lang='grc'><strong>6.</strong></span> <span class='ocrx_word' id='word_1_142' title='bbox 404 2559 511 2647; x_wconf 84' lang='lat' dir='ltr'><strong>Quod</strong></span> <span class='ocrx_word' id='word_1_143' title='bbox 530 2559 561 2632; x_wconf 94' lang='lat' dir='ltr'><strong>si</strong></span> <span class='ocrx_word' id='word_1_144' title='bbox 576 2558 753 2631; x_wconf 91' lang='lat' dir='ltr'><strong>vindetur</strong></span> <span class='ocrx_word' id='word_1_145' title='bbox 768 2558 827 2631; x_wconf 90' lang='lat' dir='ltr'><strong>vel</strong></span> <span class='ocrx_word' id='word_1_146' title='bbox 840 2558 992 2633; x_wconf 90' lang='lat' dir='ltr'><strong>heredis</strong></span> <span class='ocrx_word' id='word_1_147' title='bbox 1005 2584 1094 2634; x_wconf 90' lang='lat' dir='ltr'><strong>suae</strong></span> <span class='ocrx_word' id='word_1_148' title='bbox 1108 2559 1402 2658; x_wconf 86' lang='lat' dir='ltr'><strong>supervixerint,</strong></span> 
     </span>
     <span class='ocr_line' id='line_1_23' title="bbox 241 2658 1349 2758; baseline 0.003 -26"><span class='ocrx_word' id='word_1_149' title='bbox 241 2659 315 2758; x_wconf 91' lang='lat' dir='ltr'><strong>ipsi</strong></span> <span class='ocrx_word' id='word_1_150' title='bbox 334 2670 603 2734; x_wconf 90' lang='lat' dir='ltr'><strong>testamentum</strong></span> <span class='ocrx_word' id='word_1_151' title='bbox 621 2658 735 2733; x_wconf 90' lang='lat' dir='ltr'><strong>virire</strong></span> <span class='ocrx_word' id='word_1_152' title='bbox 755 2658 904 2756; x_wconf 89' lang='lat' dir='ltr'><strong>debent,</strong></span> <span class='ocrx_word' id='word_1_153' title='bbox 924 2672 989 2735; x_wconf 89' lang='lat' dir='ltr'><strong>aut</strong></span> <span class='ocrx_word' id='word_1_154' title='bbox 1006 2661 1125 2734; x_wconf 90' lang='lat' dir='ltr'><strong>multa</strong></span> <span class='ocrx_word' id='word_1_155' title='bbox 1143 2661 1349 2737; x_wconf 88' lang='lat' dir='ltr'><strong>incurrere.</strong></span> 
     </span>
    </p>
   </div>
   <div class='ocr_carea' id='block_1_6' title="bbox 719 2890 924 2963">
    <p class='ocr_par' dir='ltr' id='par_1_9' title="bbox 719 2890 924 2963">
     <span class='ocr_line' id='line_1_24' title="bbox 719 2890 924 2963; baseline 0 -1"><span class='ocrx_word' id='word_1_156' title='bbox 719 2908 742 2962; x_wconf 82' lang='lat' dir='ltr'><strong>a</strong></span> <span class='ocrx_word' id='word_1_157' title='bbox 761 2907 863 2963; x_wconf 85' lang='lat' dir='ltr'><strong>cono.</strong></span> <span class='ocrx_word' id='word_1_158' title='bbox 883 2890 924 2962; x_wconf 87' lang='lat' dir='ltr'><strong>B.</strong></span> 
     </span>
    </p>
   </div>
   <div class='ocr_carea' id='block_1_7' title="bbox 220 3024 1407 4364">
    <p class='ocr_par' dir='ltr' id='par_1_10' title="bbox 220 3024 1407 3609">
     <span class='ocr_line' id='line_1_25' title="bbox 241 3024 1405 3108; baseline 0.003 -20"><span class='ocrx_word' id='word_1_159' title='bbox 241 3033 342 3098; x_wconf 87' lang='lat' dir='ltr'><strong>cetur,</strong></span> <span class='ocrx_word' id='word_1_160' title='bbox 376 3030 407 3085; x_wconf 89' lang='lat' dir='ltr'><strong>et</strong></span> <span class='ocrx_word' id='word_1_161' title='bbox 439 3024 567 3105; x_wconf 90' lang='lat' dir='ltr'><strong>insuper</strong></span> <span class='ocrx_word' id='word_1_162' title='bbox 597 3025 637 3086; x_wconf 94' lang='lat' dir='ltr'><strong>ad</strong></span> <span class='ocrx_word' id='word_1_163' title='bbox 671 3032 794 3106; x_wconf 87' lang='lat' dir='ltr'><strong>partem</strong></span> <span class='ocrx_word' id='word_1_164' title='bbox 824 3025 1001 3088; x_wconf 85' lang='lat' dir='ltr'><strong>cancellarii</strong></span> <span class='ocrx_word' id='word_1_165' title='bbox 1026 3028 1067 3092; x_wconf 80' lang='lat'><strong>15</strong></span> <span class='ocrx_word' id='word_1_166' title='bbox 1096 3027 1207 3090; x_wconf 87' lang='lat' dir='ltr'><strong>solidis</strong></span> <span class='ocrx_word' id='word_1_167' title='bbox 1236 3026 1405 3108; x_wconf 88' lang='lat' dir='ltr'><strong>culpabilis</strong></span> 
     </span>
     <span class='ocr_line' id='line_1_26' title="bbox 220 3106 1405 3190; baseline 0.006 -22"><span class='ocrx_word' id='word_1_168' title='bbox 220 3134 222 3139; x_wconf 58' lang='grc'>’</span> <span class='ocrx_word' id='word_1_169' title='bbox 240 3109 404 3181; x_wconf 89' lang='lat' dir='ltr'><strong>iudicetur,</strong></span> <span class='ocrx_word' id='word_1_170' title='bbox 427 3115 458 3168; x_wconf 88' lang='lat' dir='ltr'><strong>et</strong></span> <span class='ocrx_word' id='word_1_171' title='bbox 480 3106 647 3188; x_wconf 89' lang='lat' dir='ltr'><strong>unicuique</strong></span> <span class='ocrx_word' id='word_1_172' title='bbox 670 3109 709 3170; x_wconf 89' lang='lat' dir='ltr'><strong>de</strong></span> <span class='ocrx_word' id='word_1_173' title='bbox 724 3109 856 3171; x_wconf 87' lang='lat' dir='ltr'><strong>testibus</strong></span> <span class='ocrx_word' id='word_1_174' title='bbox 874 3115 912 3176; x_wconf 88' lang='grc'><strong>15</strong></span> <span class='ocrx_word' id='word_1_175' title='bbox 928 3110 1037 3172; x_wconf 89' lang='lat' dir='ltr'><strong>solidis</strong></span> <span class='ocrx_word' id='word_1_176' title='bbox 1060 3110 1222 3190; x_wconf 89' lang='lat' dir='ltr'><strong>culpabilis</strong></span> <span class='ocrx_word' id='word_1_177' title='bbox 1237 3110 1405 3188; x_wconf 89' lang='lat' dir='ltr'><strong>iudicetur,</strong></span> 
     </span>
     <span class='ocr_line' id='line_1_27' title="bbox 241 3192 1406 3274; baseline 0.006 -22"><span class='ocrx_word' id='word_1_178' title='bbox 241 3199 272 3252; x_wconf 88' lang='lat' dir='ltr'><strong>et</strong></span> <span class='ocrx_word' id='word_1_179' title='bbox 299 3192 401 3273; x_wconf 87' lang='lat' dir='ltr'><strong>ipsum</strong></span> <span class='ocrx_word' id='word_1_180' title='bbox 431 3197 653 3253; x_wconf 89' lang='lat' dir='ltr'><strong>testamentum</strong></span> <span class='ocrx_word' id='word_1_181' title='bbox 675 3192 859 3255; x_wconf 89' lang='lat' dir='ltr'><strong>inviolatum</strong></span> <span class='ocrx_word' id='word_1_182' title='bbox 883 3201 1075 3274; x_wconf 87' lang='lat' dir='ltr'><strong>perseveret.</strong></span> <span class='ocrx_word' id='word_1_183' title='bbox 1118 3194 1149 3255; x_wconf 89' lang='lat' dir='ltr'><strong>Si</strong></span> <span class='ocrx_word' id='word_1_184' title='bbox 1171 3203 1275 3255; x_wconf 89' lang='lat' dir='ltr'><strong>autem</strong></span> <span class='ocrx_word' id='word_1_185' title='bbox 1299 3202 1406 3260; x_wconf 91' lang='lat' dir='ltr'><strong>testa-</strong></span> 
     </span>
     <span class='ocr_line' id='line_1_28' title="bbox 240 3275 1405 3357; baseline 0.007 -22"><span class='ocrx_word' id='word_1_186' title='bbox 240 3282 377 3336; x_wconf 88' lang='lat' dir='ltr'><strong>mentum</strong></span> <span class='ocrx_word' id='word_1_187' title='bbox 400 3275 548 3336; x_wconf 82' lang='lat' dir='ltr'><strong>falsatum</strong></span> <span class='ocrx_word' id='word_1_188' title='bbox 571 3275 674 3349; x_wconf 83' lang='lat' dir='ltr'><strong>fuerit,</strong></span> <span class='ocrx_word' id='word_1_189' title='bbox 697 3281 770 3337; x_wconf 91' lang='lat' dir='ltr'><strong>tunc</strong></span> <span class='ocrx_word' id='word_1_190' title='bbox 790 3275 852 3346; x_wconf 88' lang='lat' dir='ltr'><strong>iiie,</strong></span> <span class='ocrx_word' id='word_1_191' title='bbox 876 3278 927 3357; x_wconf 94' lang='lat' dir='ltr'><strong>qui</strong></span> <span class='ocrx_word' id='word_1_192' title='bbox 946 3295 1072 3338; x_wconf 90' lang='lat' dir='ltr'><strong>oausam</strong></span> <span class='ocrx_word' id='word_1_193' title='bbox 1088 3277 1297 3356; x_wconf 89' lang='lat' dir='ltr'><strong>prosequitur,</strong></span> <span class='ocrx_word' id='word_1_194' title='bbox 1321 3300 1405 3354; x_wconf 86' lang='lat' dir='ltr'><strong>rem,</strong></span> 
     </span>
     <span class='ocr_line' id='line_1_29' title="bbox 241 3357 1407 3441; baseline 0.008 -21"><span class='ocrx_word' id='word_1_195' title='bbox 241 3378 335 3441; x_wconf 92' lang='lat' dir='ltr'><strong>quam</strong></span> <span class='ocrx_word' id='word_1_196' title='bbox 349 3357 472 3439; x_wconf 89' lang='lat' dir='ltr'><strong>repetit,</strong></span> <span class='ocrx_word' id='word_1_197' title='bbox 489 3376 557 3419; x_wconf 89' lang='lat' dir='ltr'><strong>oum</strong></span> <span class='ocrx_word' id='word_1_198' title='bbox 571 3361 612 3424; x_wconf 88' lang='lat'><strong>60</strong></span> <span class='ocrx_word' id='word_1_199' title='bbox 628 3358 736 3421; x_wconf 82' lang='lat' dir='ltr'><strong>solidis</strong></span> <span class='ocrx_word' id='word_1_200' title='bbox 752 3360 891 3440; x_wconf 88' lang='lat' dir='ltr'><strong>recipiat,</strong></span> <span class='ocrx_word' id='word_1_201' title='bbox 906 3367 938 3421; x_wconf 89' lang='lat' dir='ltr'><strong>et</strong></span> <span class='ocrx_word' id='word_1_202' title='bbox 948 3360 1076 3441; x_wconf 88' lang='lat' dir='ltr'><strong>insuper</strong></span> <span class='ocrx_word' id='word_1_203' title='bbox 1091 3359 1278 3420; x_wconf 89' lang='lat' dir='ltr'><strong>cancellario</strong></span> <span class='ocrx_word' id='word_1_204' title='bbox 1294 3364 1407 3441; x_wconf 83' lang='lat' dir='ltr'><strong>pollex</strong></span> 
     </span>
     <span class='ocr_line' id='line_1_30' title="bbox 240 3442 1406 3515; baseline 0.006 -11"><span class='ocrx_word' id='word_1_205' title='bbox 240 3444 352 3506; x_wconf 84' lang='lat' dir='ltr'><strong>dexter</strong></span> <span class='ocrx_word' id='word_1_206' title='bbox 382 3442 553 3512; x_wconf 84' lang='lat' dir='ltr'><strong>auferatur,</strong></span> <span class='ocrx_word' id='word_1_207' title='bbox 582 3450 637 3505; x_wconf 89' lang='lat' dir='ltr'><strong>aut</strong></span> <span class='ocrx_word' id='word_1_208' title='bbox 665 3462 735 3503; x_wconf 87' lang='lat' dir='ltr'><strong>eum</strong></span> <span class='ocrx_word' id='word_1_209' title='bbox 766 3463 836 3504; x_wconf 90' lang='lat' dir='ltr'><strong>cum</strong></span> <span class='ocrx_word' id='word_1_210' title='bbox 867 3448 907 3509; x_wconf 90' lang='lat'><strong>50</strong></span> <span class='ocrx_word' id='word_1_211' title='bbox 929 3443 1036 3505; x_wconf 86' lang='lat' dir='ltr'><strong>solidis</strong></span> <span class='ocrx_word' id='word_1_212' title='bbox 1063 3443 1207 3515; x_wconf 85' lang='lat' dir='ltr'><strong>redimat,</strong></span> <span class='ocrx_word' id='word_1_213' title='bbox 1239 3450 1271 3512; x_wconf 82' lang='lat' dir='ltr'><strong>et</strong></span> <span class='ocrx_word' id='word_1_214' title='bbox 1297 3467 1406 3511; x_wconf 86' lang='lat' dir='ltr'><strong>unus-</strong></span> 
     </span>
     <span class='ocr_line' id='line_1_31' title="bbox 240 3525 957 3609; baseline 0 -19"><span class='ocrx_word' id='word_1_215' title='bbox 240 3530 371 3609; x_wconf 88' lang='lat' dir='ltr'><strong>quisque</strong></span> <span class='ocrx_word' id='word_1_216' title='bbox 394 3529 433 3587; x_wconf 90' lang='lat' dir='ltr'><strong>de</strong></span> <span class='ocrx_word' id='word_1_217' title='bbox 455 3526 586 3589; x_wconf 86' lang='lat' dir='ltr'><strong>testibus</strong></span> <span class='ocrx_word' id='word_1_218' title='bbox 610 3530 648 3591; x_wconf 86' lang='lat'><strong>15</strong></span> <span class='ocrx_word' id='word_1_219' title='bbox 671 3525 779 3589; x_wconf 90' lang='lat' dir='ltr'><strong>solidis</strong></span> <span class='ocrx_word' id='word_1_220' title='bbox 802 3529 957 3590; x_wconf 85' lang='lat' dir='ltr'><strong>multetur.</strong></span> 
     </span>
    </p>

    <p class='ocr_par' dir='ltr' id='par_1_11' title="bbox 239 3609 1406 3948">
     <span class='ocr_line' id='line_1_32' title="bbox 344 3609 1406 3692; baseline 0.008 -22"><span class='ocrx_word' id='word_1_221' title='bbox 344 3613 374 3677; x_wconf 77' lang='grc'><strong>4.</strong></span> <span class='ocrx_word' id='word_1_222' title='bbox 416 3610 509 3684; x_wconf 87' lang='lat' dir='ltr'><strong>Quod</strong></span> <span class='ocrx_word' id='word_1_223' title='bbox 532 3611 557 3672; x_wconf 93' lang='lat' dir='ltr'><strong>si</strong></span> <span class='ocrx_word' id='word_1_224' title='bbox 579 3610 642 3682; x_wconf 89' lang='lat' dir='ltr'><strong>ille,</strong></span> <span class='ocrx_word' id='word_1_225' title='bbox 672 3609 724 3690; x_wconf 89' lang='lat' dir='ltr'><strong>qui</strong></span> <span class='ocrx_word' id='word_1_226' title='bbox 747 3629 873 3674; x_wconf 90' lang='lat' dir='ltr'><strong>causam</strong></span> <span class='ocrx_word' id='word_1_227' title='bbox 897 3610 1046 3692; x_wconf 88' lang='lat' dir='ltr'><strong>sequitur,</strong></span> <span class='ocrx_word' id='word_1_228' title='bbox 1071 3631 1197 3673; x_wconf 91' lang='lat' dir='ltr'><strong>manum</strong></span> <span class='ocrx_word' id='word_1_229' title='bbox 1222 3614 1406 3679; x_wconf 82' lang='lat' dir='ltr'><strong>cancellarii</strong></span> 
     </span>
     <span class='ocr_line' id='line_1_33' title="bbox 240 3694 1406 3778; baseline 0.005 -22"><span class='ocrx_word' id='word_1_230' title='bbox 240 3696 280 3756; x_wconf 91' lang='lat' dir='ltr'><strong>de</strong></span> <span class='ocrx_word' id='word_1_231' title='bbox 308 3694 400 3758; x_wconf 90' lang='lat' dir='ltr'><strong>altari</strong></span> <span class='ocrx_word' id='word_1_232' title='bbox 428 3694 568 3767; x_wconf 84' lang='lat' dir='ltr'><strong>traxerit,</strong></span> <span class='ocrx_word' id='word_1_233' title='bbox 598 3701 653 3756; x_wconf 91' lang='lat' dir='ltr'><strong>aut</strong></span> <span class='ocrx_word' id='word_1_234' title='bbox 681 3701 756 3756; x_wconf 90' lang='lat' dir='ltr'><strong>ante</strong></span> <span class='ocrx_word' id='word_1_235' title='bbox 784 3694 899 3759; x_wconf 91' lang='lat' dir='ltr'><strong>ostium</strong></span> <span class='ocrx_word' id='word_1_236' title='bbox 928 3695 1075 3758; x_wconf 85' lang='lat' dir='ltr'><strong>basilicae</strong></span> <span class='ocrx_word' id='word_1_237' title='bbox 1102 3716 1228 3758; x_wconf 90' lang='lat' dir='ltr'><strong>manum</strong></span> <span class='ocrx_word' id='word_1_238' title='bbox 1251 3700 1406 3778; x_wconf 89' lang='lat' dir='ltr'><strong>posuerit,</strong></span> 
     </span>
     <span class='ocr_line' id='line_1_34' title="bbox 239 3777 1405 3861; baseline 0.007 -22"><span class='ocrx_word' id='word_1_239' title='bbox 239 3786 313 3840; x_wconf 87' lang='lat' dir='ltr'><strong>tunc</strong></span> <span class='ocrx_word' id='word_1_240' title='bbox 329 3781 423 3840; x_wconf 88' lang='lat' dir='ltr'><strong>ambo</strong></span> <span class='ocrx_word' id='word_1_241' title='bbox 439 3777 702 3859; x_wconf 78' lang='lat' dir='ltr'><strong>constringantur,</strong></span> <span class='ocrx_word' id='word_1_242' title='bbox 725 3787 758 3840; x_wconf 91' lang='lat' dir='ltr'><strong>ut</strong></span> <span class='ocrx_word' id='word_1_243' title='bbox 780 3799 815 3842; x_wconf 91' lang='lat' dir='ltr'><strong>se</strong></span> <span class='ocrx_word' id='word_1_244' title='bbox 838 3799 933 3861; x_wconf 89' lang='lat' dir='ltr'><strong>super</strong></span> <span class='ocrx_word' id='word_1_245' title='bbox 952 3781 1202 3861; x_wconf 88' lang='lat' dir='ltr'><strong>quattuordecim</strong></span> <span class='ocrx_word' id='word_1_246' title='bbox 1218 3790 1327 3844; x_wconf 91' lang='lat' dir='ltr'><strong>noctes</strong></span> <span class='ocrx_word' id='word_1_247' title='bbox 1343 3802 1405 3848; x_wconf 90' lang='lat' dir='ltr'><strong>seu</strong></span> 
     </span>
     <span class='ocr_line' id='line_1_35' title="bbox 240 3864 1252 3948; baseline 0.003 -23"><span class='ocrx_word' id='word_1_248' title='bbox 240 3881 335 3943; x_wconf 84' lang='lat' dir='ltr'><strong>super</strong></span> <span class='ocrx_word' id='word_1_249' title='bbox 356 3864 398 3929; x_wconf 79' lang='lat'><strong>10</strong></span> <span class='ocrx_word' id='word_1_250' title='bbox 420 3868 493 3924; x_wconf 87' lang='lat' dir='ltr'><strong>ante</strong></span> <span class='ocrx_word' id='word_1_251' title='bbox 514 3881 623 3944; x_wconf 79' lang='lat' dir='ltr'><strong>regem</strong></span> <span class='ocrx_word' id='word_1_252' title='bbox 644 3873 886 3943; x_wconf 87' lang='lat' dir='ltr'><strong>repraesentare</strong></span> <span class='ocrx_word' id='word_1_253' title='bbox 908 3865 1055 3927; x_wconf 87' lang='lat' dir='ltr'><strong>studeant</strong></span> <span class='ocrx_word' id='word_1_254' title='bbox 1077 3866 1252 3948; x_wconf 81' lang='lat' dir='ltr'><strong>pugnaturi.</strong></span> 
     </span>
    </p>

    <p class='ocr_par' dir='ltr' id='par_1_12' title="bbox 240 3945 1406 4199">
     <span class='ocr_line' id='line_1_36' title="bbox 345 3945 1406 4028; baseline 0.003 -16"><span class='ocrx_word' id='word_1_255' title='bbox 345 3950 374 4012; x_wconf 88' lang='grc'><strong>5.</strong></span> <span class='ocrx_word' id='word_1_256' title='bbox 411 3945 444 4007; x_wconf 90' lang='lat' dir='ltr'><strong>Si</strong></span> <span class='ocrx_word' id='word_1_257' title='bbox 473 3954 579 4008; x_wconf 89' lang='lat' dir='ltr'><strong>autem</strong></span> <span class='ocrx_word' id='word_1_258' title='bbox 606 3947 810 4011; x_wconf 89' lang='lat' dir='ltr'><strong>cancellarius</strong></span> <span class='ocrx_word' id='word_1_259' title='bbox 839 3955 981 4011; x_wconf 89' lang='lat' dir='ltr'><strong>mortuus</strong></span> <span class='ocrx_word' id='word_1_260' title='bbox 1008 3950 1112 4024; x_wconf 86' lang='lat' dir='ltr'><strong>fuerit,</strong></span> <span class='ocrx_word' id='word_1_261' title='bbox 1143 3959 1215 4011; x_wconf 90' lang='lat' dir='ltr'><strong>tunc</strong></span> <span class='ocrx_word' id='word_1_262' title='bbox 1245 3949 1272 4010; x_wconf 93' lang='lat' dir='ltr'><strong>ei</strong></span> <span class='ocrx_word' id='word_1_263' title='bbox 1298 3950 1406 4028; x_wconf 87' lang='lat' dir='ltr'><strong>liceat,</strong></span> 
     </span>
     <span class='ocr_line' id='line_1_37' title="bbox 240 4029 1404 4116; baseline 0.007 -26"><span class='ocrx_word' id='word_1_264' title='bbox 240 4029 293 4110; x_wconf 92' lang='lat' dir='ltr'><strong>qui</strong></span> <span class='ocrx_word' id='word_1_265' title='bbox 314 4049 381 4091; x_wconf 88' lang='lat' dir='ltr'><strong>rem</strong></span> <span class='ocrx_word' id='word_1_266' title='bbox 397 4032 592 4110; x_wconf 88' lang='lat' dir='ltr'><strong>conparavit,</strong></span> <span class='ocrx_word' id='word_1_267' title='bbox 616 4051 685 4092; x_wconf 91' lang='lat' dir='ltr'><strong>cum</strong></span> <span class='ocrx_word' id='word_1_268' title='bbox 701 4035 721 4098; x_wconf 89' lang='lat'><strong>3</strong></span> <span class='ocrx_word' id='word_1_269' title='bbox 737 4033 844 4107; x_wconf 87' lang='lat' dir='ltr'><strong>cartis,</strong></span> <span class='ocrx_word' id='word_1_270' title='bbox 867 4053 946 4115; x_wconf 89' lang='lat' dir='ltr'><strong>quas</strong></span> <span class='ocrx_word' id='word_1_271' title='bbox 961 4034 1029 4115; x_wconf 90' lang='lat' dir='ltr'><strong>ipse</strong></span> <span class='ocrx_word' id='word_1_272' title='bbox 1045 4033 1248 4096; x_wconf 87' lang='lat' dir='ltr'><strong>cancellarius</strong></span> <span class='ocrx_word' id='word_1_273' title='bbox 1265 4033 1404 4116; x_wconf 90' lang='lat' dir='ltr'><strong>scripsit,</strong></span> 
     </span>
     <span class='ocr_line' id='line_1_38' title="bbox 240 4117 1330 4199; baseline 0.004 -23"><span class='ocrx_word' id='word_1_274' title='bbox 240 4117 360 4195; x_wconf 88' lang='lat' dir='ltr'><strong>absque</strong></span> <span class='ocrx_word' id='word_1_275' title='bbox 383 4133 487 4198; x_wconf 86' lang='lat' dir='ltr'><strong>pugna</strong></span> <span class='ocrx_word' id='word_1_276' title='bbox 510 4122 628 4177; x_wconf 91' lang='lat' dir='ltr'><strong>cartam</strong></span> <span class='ocrx_word' id='word_1_277' title='bbox 652 4135 741 4179; x_wconf 89' lang='lat' dir='ltr'><strong>suam</strong></span> <span class='ocrx_word' id='word_1_278' title='bbox 764 4137 859 4199; x_wconf 88' lang='lat' dir='ltr'><strong>super</strong></span> <span class='ocrx_word' id='word_1_279' title='bbox 883 4118 996 4180; x_wconf 91' lang='lat' dir='ltr'><strong>altario</strong></span> <span class='ocrx_word' id='word_1_280' title='bbox 1020 4119 1154 4199; x_wconf 91' lang='lat' dir='ltr'><strong>positam</strong></span> <span class='ocrx_word' id='word_1_281' title='bbox 1176 4119 1330 4181; x_wconf 86' lang='lat' dir='ltr'><strong>idoniare.</strong></span> 
     </span>
    </p>

    <p class='ocr_par' dir='ltr' id='par_1_13' title="bbox 239 4200 1405 4364">
     <span class='ocr_line' id='line_1_39' title="bbox 344 4200 1405 4284; baseline 0.007 -25"><span class='ocrx_word' id='word_1_282' title='bbox 344 4203 373 4265; x_wconf 87' lang='grc'><strong>6.</strong></span> <span class='ocrx_word' id='word_1_283' title='bbox 419 4200 512 4271; x_wconf 86' lang='lat' dir='ltr'><strong>Quod</strong></span> <span class='ocrx_word' id='word_1_284' title='bbox 541 4200 567 4262; x_wconf 90' lang='lat' dir='ltr'><strong>si</strong></span> <span class='ocrx_word' id='word_1_285' title='bbox 596 4201 741 4262; x_wconf 87' lang='lat' dir='ltr'><strong>venditor</strong></span> <span class='ocrx_word' id='word_1_286' title='bbox 769 4203 819 4263; x_wconf 83' lang='lat' dir='ltr'><strong>vei</strong></span> <span class='ocrx_word' id='word_1_287' title='bbox 840 4203 977 4264; x_wconf 84' lang='lat' dir='ltr'><strong>heredes</strong></span> <span class='ocrx_word' id='word_1_288' title='bbox 1000 4203 1047 4265; x_wconf 88' lang='lat' dir='ltr'><strong>sui</strong></span> <span class='ocrx_word' id='word_1_289' title='bbox 1070 4202 1309 4283; x_wconf 84' lang='lat' dir='ltr'><strong>supervixerint,</strong></span> <span class='ocrx_word' id='word_1_290' title='bbox 1340 4203 1405 4284; x_wconf 93' lang='lat' dir='ltr'><strong>ipsi</strong></span> 
     </span>
     <span class='ocr_line' id='line_1_40' title="bbox 239 4283 1224 4364; baseline 0.005 -21"><span class='ocrx_word' id='word_1_291' title='bbox 239 4288 461 4346; x_wconf 87' lang='lat' dir='ltr'><strong>testamentum</strong></span> <span class='ocrx_word' id='word_1_292' title='bbox 485 4283 656 4345; x_wconf 86' lang='lat' dir='ltr'><strong>defendere</strong></span> <span class='ocrx_word' id='word_1_293' title='bbox 678 4285 802 4364; x_wconf 89' lang='lat' dir='ltr'><strong>debent,</strong></span> <span class='ocrx_word' id='word_1_294' title='bbox 826 4293 880 4349; x_wconf 91' lang='lat' dir='ltr'><strong>aut</strong></span> <span class='ocrx_word' id='word_1_295' title='bbox 902 4286 1033 4349; x_wconf 86' lang='lat' dir='ltr'><strong>multam</strong></span> <span class='ocrx_word' id='word_1_296' title='bbox 1053 4285 1224 4348; x_wconf 89' lang='lat' dir='ltr'><strong>incurrere.</strong></span> 
     </span>
    </p>
   </div>
   <div class='ocr_carea' id='block_1_8' title="bbox 0 0 1486 4944">
    <p class='ocr_par' dir='ltr' id='par_1_14' title="bbox 0 0 1486 4944">
     <span class='ocr_line' id='line_1_41' title="bbox 0 0 1486 4944; baseline 0 0"><span class='ocrx_word' id='word_1_297' title='bbox 0 0 1486 4944; x_wconf 95' lang='lat' dir='ltr'><strong> </strong></span> 
     </span>
    </p>
   </div>
  </div>
 </body>
</html>
