2956 4944
636 320 713 379 LEX
731 318 917 379 RIIIUAIIIA.

674 517 698 572 s
717 515 819 572 cono.
838 498 878 571 Α.

717 636 837 708 LXVI.

303 762 333 828 1.
378 755 416 829 81
446 754 747 853 quis'Ribuarius
774 765 1053 828 sacramentum
1077 753 1191 829 fidem
1211 756 1358 852 fecerit,

197 881 310 954 super
344 859 388 930 14
424 854 546 929 noctis
582 855 653 929 sibi
689 855 873 953 septimus
907 855 968 928 veI
1005 855 1251 930 duodecimus
1294 859 1359 933 vel

198 956 516 1057 septuagisimum
535 957 699 1030 secundo
718 981 804 1029 curn
819 954 993 1055 legitimo
1007 956 1170 1031 termino
1186 959 1357 1032 noctium

198 1058 339 1132 studiat
371 1056 579 1131 coniurare.
633 1055 673 1131 si
715 1067 841 1130 autern
880 1057 1071 1131 contentio
1110 1069 1190 1132 orta
1229 1060 1358 1156 fuerit,

199 1162 299 1258 quod
331 1169 612 1233 sacramentum
644 1157 681 1229 in
709 1157 769 1232 die
801 1157 964 1255 placitus
992 1157 1240 1255 coniurasset,
1267 1172 1358 1234 tunc

199 1284 285 1334 curn
313 1259 431 1333 tercia
458 1269 566 1357 parte
592 1258 768 1333 juratoris
788 1259 846 1332 sui
875 1256 1073 1332 adfirmare
1101 1261 1261 1356 studiat,
1291 1261 1358 1335 aIi-

199 1386 293 1459 quos
319 1385 341 1433 a
370 1358 508 1434 dextris
534 1359 618 1456 [seu
639 1385 660 1432 a
688 1359 890 1455 senextris]
911 1359 1104 1436 stantibus.
1142 1360 1210 1433 Sin
1228 1373 1358 1436 autem

197 1486 268 1536 nec
291 1461 346 1536 sic
368 1461 616 1555 satisfecerit,
651 1471 742 1533 tunc
776 1461 984 1534 secundum
1016 1463 1229 1559 praesentia
1262 1462 1358 1537 iudi-

199 1561 253 1636 cis
285 1563 346 1636 veI
382 1562 589 1637 secundum
624 1562 933 1635 terminationem
971 1573 1116 1636 sextam
1149 1563 1358 1638 iuratorum

197 1688 351 1738 suorum
380 1687 466 1736 cum
494 1662 649 1736 dextera
677 1672 821 1736 armata
848 1673 925 1735 tam
952 1663 1077 1760 priore
1098 1689 1211 1761 quarn
1230 1677 1359 1763 poste-

197 1764 297 1839 riore
316 1774 594 1837 sacramentum
612 1762 650 1834 in
665 1763 879 1860 praesentia
894 1763 1029 1839 iudicis
1045 1763 1269 1840 confirmare
1282 1776 1359 1839 stu-

198 1864 287 1938 diat.
333 1862 492 1951 Quodsi
521 1862 645 1937 verbis
669 1888 744 1938 non
763 1863 924 1937 dixerint
934 1862 963 1958 ²⁸,
991 1890 1102 1939 omne
1121 1866 1359 1965 repeticione

199 1989 283 2037 curn
310 1964 407 2063 Iegis
434 1964 660 2038 beneficium
680 1965 823 2039 studiat
840 1966 1062 2061 reformare,
1091 1977 1129 2040 et
1156 1969 1359 2066 unusquis-

199 2091 270 2165 que
298 2067 344 2140 de
373 2065 600 2146 iuratoribus
631 2068 674 2141 15
698 2066 842 2141 solidos
864 2066 1061 2165 oquabiIis
1080 2067 1277 2143 iudicetur.
1315 2069 1357 2144 Si

198 2179 327 2242 autem
346 2167 521 2264 dixerint,
542 2166 723 2242 iudicium
743 2167 938 2266 accipiant.

294 2286 319 2370 *I
344 2285 495 2348 direxerit
516 2286 631 2350 8-11.

298 2413 332 2484 2.
378 2407 419 2481 Si
445 2419 571 2481 autern
597 2406 741 2505 regius,
768 2407 959 2481 Romanus
987 2418 1051 2481 aut
1079 2408 1360 2484 ecclesiasticus

683 2735 707 2789 a
726 2735 828 2790 cono.
848 2718 891 2789 B.

709 2853 846 2918 vant.

603 2957 656 3017 De
678 2967 949 3021 sacramento.

305 3061 332 3124 1.
377 3057 408 3119 Si
444 3057 512 3139 quis
545 3057 710 3120 Ribuarios
743 3071 941 3123 sacramento
974 3060 1070 3121 fidem
1103 3061 1228 3133 fecerit,
1262 3081 1358 3142 super

198 3142 447 3223 quattuordecim
476 3150 584 3205 noctes
611 3142 669 3204 sibi
693 3143 843 3224 septimus
866 3164 922 3206 seu
944 3144 1148 3205 duodecimus
1170 3145 1220 3205 vel
1242 3153 1358 3225 septu-

199 3227 347 3308 agisimus
370 3228 526 3289 sccundus
550 3247 620 3288 cum
642 3227 780 3305 legitimo
809 3229 944 3289 termino
967 3227 1103 3289 noctium
1127 3229 1252 3289 studeat
1274 3249 1358 3290 con-

197 3312 310 3373 iurare.
356 3310 387 3372 Si
410 3318 515 3373 autem
540 3311 697 3374 contendo
721 3318 792 3373 orta
813 3311 915 3386 tuerit,
945 3310 1031 3392 quod
1060 3317 1293 3372 sacramentum
1323 3313 1356 3374 in

198 3394 249 3456 die
276 3395 393 3476 placito
421 3401 484 3457 non
514 3395 720 3468 coniurasset,
751 3404 824 3457 tunc
850 3415 918 3456 cum
946 3394 1038 3457 tertia
1068 3401 1159 3474 parto
1180 3393 1356 3458 iuratorum

196 3499 327 3542 suorum
358 3479 529 3542 adfirmare
557 3480 692 3552 studeat,
723 3478 875 3558 aliquibus
906 3498 924 3540 a
955 3476 1074 3540 dextris
1102 3496 1157 3538 seu
1181 3497 1199 3540 1
1222 3478 1355 3543 sinistris

196 3562 359 3626 stantibus.
397 3564 450 3626 Sin
474 3573 579 3626 autern
601 3581 659 3624 nec
680 3562 726 3625 sio
747 3561 943 3635 satisfecerit,
964 3568 1040 3623 tunc
1061 3563 1230 3624 secundum
1253 3583 1357 3644 prae-

196 3649 331 3711 sentiam
358 3648 468 3710 iudicis
496 3650 546 3710 vel
569 3648 739 3711 secundum
765 3644 1015 3707 terminationem
1038 3652 1160 3708 sextam
1181 3648 1355 3711 iuratorum

195 3752 324 3794 suornm
354 3753 424 3794 curn
450 3736 580 3794 dextera
603 3736 725 3807 armata
747 3738 811 3792 tarn
835 3728 921 3810 prius
944 3751 1039 3811 quam
1061 3732 1219 3812 posterius
1241 3752 1356 3795 sacra-

195 3826 334 3879 mentum
357 3817 389 3876 in
411 3817 591 3897 praesenIIa
612 3814 721 3876 iudicis
743 3813 932 3876 confirmare
955 3817 1090 3879 studeat.
1122 3817 1214 3890 Quod
1237 3819 1261 3878 si
1278 3837 1356 3878 ver-

195 3901 243 3964 ors
271 3920 335 3962 non
363 3902 575 3972 direxerit,
603 3918 729 3961 omnem
760 3899 982 3980 repetitionem
1006 3920 1076 3962 cum
1099 3899 1175 3984 Iegis
1199 3900 1354 3964 beneficio

195 3985 321 4047 studeat
348 3985 539 4057 reformare,
577 3991 607 4046 et
635 3983 848 4065 unusquisque
879 3983 919 4045 de
947 3984 1137 4047 iuratoribus
1173 3988 1211 4050 15
1244 3985 1354 4048 solidis

195 4068 357 4151 culpabilis
386 4069 552 4132 iudicetur.
597 4068 628 4130 Si
659 4075 763 4131 autem
795 4069 1073 4144 contradixerint,
1097 4070 1244 4132 iudIcium
1268 4070 1356 4131 acci-

193 4155 291 4235 piant.

300 4280 330 4342 2.
375 4276 407 4338 Si
438 4282 543 4339 autem
573 4275 692 4357 regius,
721 4276 881 4338 Romanus
911 4280 966 4336 aut
994 4272 1221 4336 ecclesiasticus
1252 4272 1355 4335 taliter
