2956 4944
662 324 739 382 LEX
759 323 945 382 lilBUAlllA.

703 520 846 576 reone.
866 498 906 572 Α.

221 666 362 742 pueros
390 640 559 736 accedat,
586 651 624 714 et
648 639 705 714 sic
729 638 785 714 eis
812 637 1074 774 praesentibus
1100 635 1288 734 praetium
1307 649 1385 711 tra-

223 744 286 816 dat
301 753 339 817 et
351 741 632 841 possessionem
646 740 809 839 accipiat
831 740 860 838 ²¹¹,
880 750 919 814 et
933 737 1138 836 unicuique
1152 739 1199 811 de
1213 737 1384 835 parvolis

223 844 351 942 alapes
371 846 487 917 donet
506 854 543 916 et
563 853 716 940 torquat
736 841 939 936 auriculas,
958 850 1001 913 nt
1023 838 1057 913 ei
1081 838 1383 935 inpostmodum

220 943 481 1019 testimonium
505 945 721 1041 praebeant.
762 942 801 1016 Si
825 953 953 1016 autem
976 950 1094 1014 testes
1116 964 1191 1012 non
1214 939 1383 1036 potuerit

223 1044 438 1139 admanire,
480 1055 521 1116 ut
560 1043 595 1117 ei
629 1042 890 1118 testimonium
923 1042 1153 1140 praebeant,
1179 1052 1270 1114 tunc
1300 1066 1381 1115 rem

223 1170 331 1221 suam
352 1148 473 1220 cum3
493 1142 565 1218 sibi
586 1149 709 1217 cumi
729 1170 816 1218 cum
830 1140 1077 1218 sacramentis
1093 1140 1382 1239 interpositione

222 1247 291 1321 sibi
313 1246 454 1320 studiat
473 1244 700 1319 evindicare.

321 1345 366 1417 tt)
385 1349 403 1401 ι’.
423 1361 445 1400 e.
465 1360 520 1400 rem
541 1354 627 1417 (quoe
648 1349 799 1414 possessio,
829 1344 1003 1413 ‘Besttzon9’‚
1032 1345 1159 1406 vocetur)
1178 1346 1305 1413 accepiet,
1332 1359 1383 1412 per

203 1419 205 1425 '
385 1433 488 1473 ramum
505 1421 628 1474 videlicet
647 1423 673 1473 et
691 1423 822 1488 cespitem,
843 1417 892 1487 cfr.
911 1421 949 1472 tit.
970 1415 1015 1481 59,
1034 1432 1057 1469 c.
1080 1412 1103 1469 1.

325 1496 358 1566 2.
418 1492 459 1567 si
488 1492 573 1590 quis
602 1504 816 1566 consortem
844 1515 956 1566 suum
991 1489 1381 1589 quantulumcumque

221 1593 503 1692 superpriserit,
524 1619 609 1666 cum
632 1596 677 1669 15
697 1591 831 1666 solidis
849 1592 1036 1666 restituat.

323 1697 358 1768 3.
395 1693 435 1768 Si
454 1704 582 1767 autem
608 1694 704 1766 inira
732 1703 1001 1766 testamentum
1027 1689 1131 1790 regis
1157 1688 1300 1788 aliquid
1328 1691 1381 1762 in-

221 1793 373 1890 vaserit,
384 1805 449 1868 aut
463 1819 548 1866 cum
563 1817 630 1867 sex
644 1793 746 1889 iurit,
762 1796 860 1891 quod
875 1792 972 1867 infra
985 1789 1253 1866 terminatione
1266 1801 1382 1865 testa-

221 1895 340 1969 menti
358 1895 453 1966 nihil
473 1893 687 1989 invasisset,
716 1906 781 1968 aut
801 1918 886 1967 cum
905 1898 955 1969 60
973 1892 1106 1967 solidis
1127 1917 1281 1967 omnem
1298 1894 1383 1967 red-

221 1995 403 2070 ditionem
423 1994 611 2069 restituat.

322 2101 356 2170 4.
399 2095 441 2170 Si
469 2107 597 2170 autem
624 2095 764 2169 ibidem
791 2096 889 2169 infra
917 2094 1225 2169 terminationem
1254 2092 1382 2192 aliqua

120 2226 144 2269 r·
159 2210 210 2260 2⁶2·
221 2195 377 2271 iudicia*
393 2222 460 2273 seu
476 2210 576 2272 sante
591 2196 652 2271 vel
668 2196 815 2271 butinas
824 2208 888 2270 aut
900 2194 1035 2270 mutuli
1045 2196 1143 2269 lacte
1156 2205 1381 2292 exteterent,

220 2300 266 2371 ad
288 2310 569 2372 sacramentum
589 2323 664 2371 non
689 2298 922 2393 admittatur,
945 2298 1013 2370 sed
1037 2296 1074 2368 in
1097 2295 1264 2395 presenti
1292 2321 1380 2370 curn

220 2398 318 2496 legis
336 2398 558 2474 beneficium
578 2409 737 2494 cogatur
753 2399 966 2472 restituere.

324 2497 350 2580 *l
372 2511 413 2563 ste
433 2500 524 2563 1—3.
550 2501 605 2572 11;
628 2496 745 2558 indicia
768 2501 797 2562 4.
820 2500 850 2562 9.
876 2499 930 2573 10;
956 2494 1063 2558 inditia
1085 2497 1120 2573 83
1143 2509 1218 2562 deest
1238 2497 1268 2559 6.
1291 2499 1321 2558 7.

320 2585 354 2657 5.
403 2582 511 2670 Quod
551 2583 584 2658 si
624 2592 728 2656 extra
765 2582 920 2656 marcha
951 2581 990 2655 in
1021 2579 1190 2656 sortem*
1221 2579 1382 2656 alterius

316 2680 341 2763 *l
364 2680 513 2742 forestem
532 2692 558 2747 4.

704 2828 848 2884 necno.
868 2812 911 2885 B.

218 2947 245 3008 si
272 2966 386 3031 magna
416 2966 486 3010 cum
511 2949 551 3013 12
574 2947 614 3007 ad
636 2946 741 3008 locum
773 2948 951 3010 traditionis
983 2968 1052 3010 cum
1083 2949 1216 3011 totidem
1244 2967 1380 3010 numero

218 3032 324 3112 pueris
347 3033 485 3104 accedat,
507 3037 539 3091 et
561 3030 607 3093 sic
630 3030 674 3094 eis
701 3033 923 3112 praesentibus
948 3033 1084 3114 pretium
1106 3034 1222 3106 tradat,
1245 3037 1275 3092 et
1297 3051 1381 3113 pos-

218 3115 391 3177 sessionem
421 3115 567 3196 accipiat‚
598 3123 628 3177 et
654 3116 820 3199 unicuique
849 3117 888 3178 de
915 3116 1054 3198 parvulis
1084 3118 1193 3198 alapas
1223 3118 1321 3177 donet
1349 3125 1382 3180 et

218 3206 344 3279 torquet
367 3197 535 3273 auriculas,
556 3207 591 3260 ut
613 3199 641 3260 ei
663 3202 867 3281 postmodum
890 3200 1099 3263 testimonium
1123 3203 1308 3281 praebeant.
1348 3201 1382 3263 Si

217 3290 323 3344 autem
335 3289 431 3345 testes
443 3303 507 3345 non
519 3283 658 3364 poluerit
669 3304 873 3368 congregare,
885 3293 918 3346 ut
929 3284 957 3344 ei
969 3284 1181 3345 testimonium
1192 3284 1384 3363 praebeant,

218 3374 290 3431 tunc
311 3386 377 3428 rem
400 3386 488 3429 suam
512 3387 582 3429 cum
598 3370 618 3433 6
641 3369 707 3431 sivo
725 3389 794 3432 cum
810 3374 829 3435 7
845 3387 916 3430 cum
931 3367 1121 3428 sacramenti
1137 3366 1383 3446 interpositione

216 3451 275 3513 sibi
299 3452 424 3514 studeat
445 3451 634 3515 evindicare.

322 3539 352 3599 2.
388 3536 419 3598 Si
441 3537 511 3617 quis
531 3543 710 3598 consortem
727 3554 816 3596 suum
832 3532 1151 3616 quantulumcumque
1173 3535 1380 3617 superprise-

216 3619 265 3694 rit,
289 3638 359 3681 cum
383 3622 421 3686 15
444 3619 554 3682 solidis
577 3619 729 3681 restituat.

321 3706 351 3769 3.
394 3703 425 3765 Si
459 3712 563 3766 autem
593 3703 675 3764 inira
706 3709 925 3763 testamentum
953 3703 1036 3784 regis
1066 3702 1185 3784 aliquid
1215 3703 1379 3779 invaserit,

216 3794 269 3848 aut
302 3806 371 3849 cnm
404 3790 424 3853 6
453 3789 551 3858 iuret,
581 3787 665 3867 quod
695 3785 777 3846 inira
807 3786 1060 3850 terminationem
1092 3789 1272 3852 testamenti
1301 3790 1380 3852 nihil

214 3870 391 3944 invasisset,
413 3879 467 3933 aut
489 3890 559 3932 curn
581 3874 622 3936 60
645 3869 754 3932 solidis
777 3888 903 3931 omnem
925 3870 1136 3934 redditionem
1158 3873 1312 3940 restituat.

96 3973 205 4033 ‘stoa
321 3957 350 4018 l.
393 3954 425 4015 Si
452 3962 556 4016 autem
583 3954 700 4016 ibidem
726 3952 808 4015 inira
836 3954 1107 4040 terminationem*
1129 3956 1235 4037 aliqua
1261 3956 1379 4018 indicia

216 4057 272 4099 sua
297 4044 364 4101 arte
387 4039 436 4099 vel
457 4037 587 4100 butinae
616 4045 671 4100 aut
696 4038 806 4100 mutuli
827 4037 911 4102 facta
934 4041 1111 4115 extiterint
1126 4043 1166 4103 ad
1189 4059 1378 4104 sacramen-

216 4129 281 4183 tum
304 4140 368 4182 nou
392 4123 585 4196 admittatur,
607 4124 664 4205 sed
686 4121 718 4184 in
740 4131 909 4204 praesente
924 4145 994 4188 cum
1011 4126 1087 4207 legis
1103 4123 1258 4186 beneficio
1276 4143 1378 4207 coga-

216 4213 266 4267 tur
288 4205 463 4269 restituere.

321 4295 351 4358 5.
395 4288 487 4364 Quod
511 4290 537 4354 si
560 4296 648 4352 extra
673 4310 813 4353 marcam
835 4292 868 4355 in
894 4303 1011 4355 sortem
1041 4292 1170 4354 alterius
1198 4292 1293 4355 luerit
1322 4292 1378 4354 in-

216 4394 351 4457 gressus,
373 4375 521 4438 iudicium
544 4377 817 4458 conpraehensum
841 4377 1036 4459 conpellatur
1057 4376 1241 4459 adimplere.
