2956 4944
223 326 276 379 122
486 325 560 381 Lllll
581 324 808 383 FRANCORUM
829 325 1104 384 estuaverunt.

750 500 840 574 XLl.

321 619 360 695 Si
376 619 460 719 quis
477 618 576 694 viam
592 620 782 720 publicam
799 620 993 715 clauserit,
1008 620 1044 692 in
1061 620 1166 693 fredo
1182 619 1372 694 dominico

221 719 363 795 solidos
384 726 417 795 4.

742 822 847 895 XLll.

319 938 359 1013 Si
379 938 464 1037 quis
474 938 764 1014 Francushomo
779 939 952 1013 habuerit
966 937 1101 1036 filios*,
1119 939 1372 1013 hereditatem

220 1062 328 1112 suam
347 1038 394 1113 de
413 1040 519 1134 sylva
544 1051 581 1113 et
607 1041 653 1113 (le
679 1050 778 1113 terra
798 1040 853 1114 eis
871 1040 1034 1114 dimittat
1053 1051 1091 1114 et
1110 1040 1156 1113 de
1175 1039 1374 1138 mancipiis

221 1151 258 1213 et
276 1140 323 1212 de
337 1139 500 1237 peculio.
528 1138 584 1214 De
599 1151 770 1214 materna
783 1141 995 1215 hereditate
1008 1140 1186 1215 similiter
1200 1141 1237 1214 in
1252 1138 1374 1214 filiam

218 1240 358 1314 veniat.

334 1337 358 1422 *J
383 1339 462 1401 duos
486 1351 560 1406 addit
580 1348 605 1422 l,
629 1351 700 1421 quod
724 1364 805 1406 amru
824 1356 900 1407 curet
923 1356 949 1406 et
971 1350 1092 1421 sortasse
1107 1365 1143 1406 aa
1162 1351 1258 1406 ultimis
1277 1352 1373 1406 litteris

386 1436 565 1490 antecedentia
586 1435 661 1489 verti
681 1419 763 1483 filios
785 1436 889 1488 iteratis
908 1435 1036 1501 omytnem
1055 1435 1147 1500 duait·
1173 1434 1261 1487 codes
1279 1431 1307 1503 2,
1327 1432 1374 1486 ult

386 1507 466 1568 duos
489 1518 571 1586 deest,
588 1519 729 1585 pentinum
741 1520 843 1572 tautum
855 1515 931 1569 tutus
945 1518 1039 1584 capitis
1051 1515 1150 1585 absque
1163 1515 1242 1569 datto
1257 1513 1372 1570 antibat.

127 1669 207 1726 para.
733 1643 856 1718 XLlll.

320 1766 380 1838 De
416 1762 644 1862 ingenuis
679 1762 979 1859 hominibus,
1019 1763 1250 1859 quomodo
1291 1773 1371 1835 aut

220 1864 438 1963 qualiter
465 1866 519 1936 ad
547 1862 786 1961 placitum
820 1887 902 1961 per
927 1864 1131 1936 bannum
1159 1863 1371 1936 debeant

219 1964 397 2039 venire.
438 1965 648 2063 Ingenuus,
677 1963 708 2037 si
734 1988 803 2060 per
829 1963 1006 2038 comitem
1035 1973 1098 2036 aut
1120 1988 1189 2061 per
1211 1962 1370 2036 missum

219 2091 328 2139 suum
348 2065 523 2140 bannitus
537 2064 756 2139 fueritinfra
768 2065 986 2139 comitatum
997 2064 1043 2138 de
1059 2063 1223 2136 maxima
1242 2088 1369 2160 causa,

218 2192 334 2266 super
358 2178 489 2241 noctes
516 2170 562 2240 14
587 2169 633 2238 ad
658 2165 839 2264 placitum
866 2165 1003 2239 veniat.
1046 2164 1085 2239 Si
1112 2165 1235 2238 minor
1253 2190 1370 2238 causa

218 2268 395 2364 extiterit,
415 2292 530 2367 super
546 2277 678 2341 noctes
698 2273 719 2341 7
740 2269 785 2339 ad
804 2267 984 2364 placitum
1003 2265 1141 2340 veniat.

765 2403 851 2476 LlV.

317 2521 358 2595 Si
387 2523 472 2623 quis
500 2524 546 2596 de
571 2522 647 2595 lido
674 2403 836 2620 sunxpro
860 2523 987 2620 aliqua
1015 2545 1127 2595 causa
1153 2521 1190 2594 in
1218 2522 1366 2595 ratione

215 2623 330 2697 luerit
356 2623 548 2720 inventus7
574 2647 689 2721 super
711 2634 842 2697 noctes
867 2627 910 2697 14
930 2623 1055 2721 ipsum
1077 2622 1197 2695 lidum
1223 2623 1268 2695 ad
1288 2622 1367 2720 pla-

216 2724 332 2798 citum
352 2726 523 2820 adducat7
543 2724 575 2799 si
595 2723 723 2799 senior
741 2748 833 2798 suus
853 2723 890 2797 in
915 2724 999 2822 ipso
1020 2724 1200 2797 comitatu
1221 2735 1289 2798 est.
1325 2724 1366 2798 Si

213 2826 250 2898 in
270 2825 345 2899 alio
367 2826 546 2899 comitatu
571 2836 645 2922 est,
672 2825 752 2924 ipse
770 2825 870 2900 lidus
889 2848 998 2898 suum
1016 2825 1204 2898 seniorem
1223 2826 1268 2896 ad
1287 2825 1367 2924 pla-

215 2927 330 3000 citum
351 2929 512 3000 adducat
535 2952 647 3024 super
672 2938 803 3001 noctes
831 2928 890 3002 25.
931 2925 970 3000 Si
990 2925 1027 2996 in
1045 2925 1163 2999 tercio
1184 2926 1366 2999 comitatu

214 3039 284 3124 est,
296 3053 408 3126 super
417 3039 547 3101 noctes
559 3032 618 3104 42.
639 3027 679 3102 Si
691 3028 728 3100 in
741 3027 964 3101 alioducato
977 3030 1365 3124 est7supernoctes84

214 3154 300 3202 cum
319 3154 389 3202 sun
409 3129 559 3203 seniore
577 3129 706 3203 veniat
723 3131 769 3201 ad
789 3129 911 3227 ipsum
930 3127 1112 3225 placitum
1121 3125 1148 3199 *.

327 3227 352 3311 ¹⁸)
376 3246 447 3289 cum
471 3227 594 3290 seniore
616 3247 674 3290 suo
697 3227 820 3290 ducat
840 3227 880 3290 ad
903 3227 1049 3308 placitum
1071 3236 1100 3293 2.

738 3349 839 3423 XLV.

313 3469 374 3544 De
401 3481 551 3567 raptu.
595 3467 634 3543 Si
662 3469 747 3566 quis
774 3468 960 3568 ingenuus
990 3494 1074 3543 eum
1101 3468 1187 3543 lidis
1213 3480 1364 3567 raptum

211 3571 357 3668 feeerit,
377 3597 462 3645 cum
482 3596 556 3644 uno
574 3569 695 3644 wadio
710 3580 747 3644 et
762 3595 834 3643 una
849 3595 961 3643 manu
981 3571 1184 3645 emendare
1201 3572 1362 3645 studeat.

725 3706 844 3782 XLVl.

312 3827 350 3901 Si
371 3827 454 3926 quis
474 3826 667 3900 hominem
687 3826 724 3899 in
744 3827 893 3900 murdro
921 3827 1114 3924 occiderit,
1139 3839 1228 3901 tunc
1253 3839 1365 3902 exeat

211 3929 257 4001 ad
287 3927 486 4024 iudicium,
515 3938 580 4001 aut
604 3952 695 4002 suus
721 3927 846 4002 senior
871 3952 939 4025 per
967 3939 1247 4003 sacramentum
1275 3953 1364 4002 eum

210 4030 355 4103 liberet.

312 4250 352 4323 Si
379 4250 486 4323 cuius
513 4251 679 4348 puellam
706 4261 924 4348 sponsatam
950 4249 1047 4324 alius
1075 4249 1246 4347 priserit,
1274 4251 1364 4324 soli-

212 4355 279 4425 dus
302 4354 375 4428 200
395 4376 621 4449 componere
641 4352 767 4446 faciat,
788 4352 825 4423 in
846 4352 949 4425 fredo
970 4350 1112 4424 solidos
1133 4354 1192 4427 60.
