2956 4944
672 319 750 375 LEX
768 317 953 375 RlBUAlllA.

715 513 738 567 n
757 512 858 569 cono.
876 496 916 569 Α.

235 662 323 738 pam
356 662 442 710 oum
477 660 543 710 sex
569 632 776 708 testibus
767 658 804 705 m
832 634 974 706 haraho
1013 657 1087 705 non
1116 631 1401 730 adprobaverit

237 743 286 814 30
304 738 448 813 solidos
469 735 668 850 culpabilis
689 733 885 807 iudicetur.

338 841 372 915 2.
413 838 452 913 Si
491 837 574 934 quis
616 861 636 908 a
674 834 919 908 contubernio
960 833 1208 932 probabiliter
1244 800 1400 932 legatus

235 966 352 1039 super
379 965 440 1013 res
470 938 612 1011 alienas
640 935 773 1028 luerit
809 937 967 1009 eumad
1004 934 1288 1009 exeusationem
1322 960 1398 1008 non

237 1041 503 1140 permittimus.

339 1144 373 1217 3
402 1139 476 1214 Sed
506 1139 538 1212 si
565 1161 661 1211 unus
689 1137 803 1209 homo
831 1160 916 1210 oum
931 1136 1158 1212 satellitibus
1173 1161 1253 1210 suis
1275 1135 1400 1209 horni-

236 1267 323 1316 nem
343 1239 541 1354 legaverit,
568 1250 632 1312 aut
660 1237 783 1335 ipsum
805 1262 1007 1312 excussare
1026 1237 1304 1335 permittimus·
1333 1248 1400 1310 aut

236 1343 430 1442 proximus
455 1341 550 1436 eius,
573 1338 703 1437 quod
694 1362 874 1412 innocens
896 1338 1002 1439 legat
1004 1365 1047 1413 us
1063 1340 1125 1430 sit
1147 1364 1232 1412 oum
1247 1343 1270 1412 6
1286 1338 1397 1412 iuret.

768 1474 872 1548 XLll.

342 1605 374 1672 1.
401 1596 442 1670 si
469 1594 552 1694 quis
580 1597 626 1668 de
654 1594 814 1669 diversis
846 1594 1110 1669 venationibus
1144 1594 1328 1668 furaverit
1362 1607 1401 1668 et

239 1698 440 1791 celaverita
459 1722 525 1770 seu
546 1706 583 1769 et
602 1697 647 1769 de
668 1695 974 1794 piscationibus*,
1004 1700 1047 1772 15
1067 1695 1211 1771 solidos
1231 1696 1400 1793 culpabi·

239 1800 287 1874 lis
313 1799 510 1872 iudicetur.
544 1797 640 1886 Quia
662 1821 736 1870 non
759 1797 821 1870 hie
845 1823 885 1871 re
908 1821 1098 1896 possessa,
1127 1798 1192 1871 sed
1218 1798 1263 1869 de
1286 1822 1401 1870 vena·

238 1899 404 1973 tionibus
423 1898 560 1998 agitur.

343 2018 367 2101 *l
392 2016 441 2077 vel
463 2015 592 2077 alienius
616 2016 685 2077 loca
711 2015 916 2078 materiamen
940 2014 989 2076 vel
1011 2014 1093 2097 ligna
1115 2013 1215 2077 finata
1235 2013 1402 2076 abstulerit

387 2114 461 2165 addit
480 2106 509 2164 5.

341 2206 374 2279 2.
404 2203 445 2277 Si
467 2206 551 2303 quis
572 2228 725 2278 cervum
745 2204 928 2277 domitum
948 2205 1010 2276 vel
1027 2229 1111 2276 ourn
1127 2202 1282 2276 triutes*
1302 2203 1402 2276 oeci·

240 2305 357 2401 derit
384 2317 449 2379 aut
466 2306 667 2400 furaverit,
696 2331 767 2376 non
789 2306 889 2379 siout
913 2307 958 2378 de
977 2305 1147 2403 reliquos
1174 2304 1401 2378 animalibus

240 2419 376 2504 texaga
396 2406 606 2503 exigantur,
627 2409 693 2480 sed
712 2417 859 2478 tantum
879 2412 927 2482 45
947 2407 1091 2480 solidos
1111 2405 1304 2478 multetur.

345 2523 369 2606 *)
394 2523 433 2583 ad
465 2523 632 2584 venatione
662 2521 802 2583 fallenda
832 2522 881 2583 vel
912 2522 1062 2603 quibus
1054 2543 1117 2586 ram
1148 2522 1310 2584 venaverit
1340 2522 1401 2604 (vel

392 2623 461 2666 cum
484 2611 523 2666 tr.
539 2605 708 2701 ιιιιιιιι)4;
732 2604 781 2667 vel
798 2606 915 2669 tnudes
932 2607 972 2668 ad
988 2607 1189 2668 venationem
1212 2605 1262 2668 vel
1285 2606 1400 2686 quibus

392 2687 576 2751 avenaverit
599 2694 628 2753 6.
652 2695 680 2753 7

249 2824 401 2832 μω-ᾳμωα
411 2826 417 2830 .
424 2826 430 2830 .
440 2826 444 2829 .
451 2825 477 2830 .....
483 2825 505 2830 .-
517 2825 549 2830 --
558 2825 1196 2836 ⁴-u--Q-——q-——m-—ae
1202 2827 1401 2834 ...mm

720 2904 744 2958 ιι
762 2902 864 2962 eonn.
883 2887 924 2958 B.

243 3039 312 3084 cum
335 3023 355 3084 6
377 3020 508 3082 testibus
530 3020 561 3081 in
585 3023 685 3085 arabo
714 3043 777 3083 non
805 3023 1046 3103 adprobaverit,
1078 3026 1119 3089 30
1147 3022 1255 3084 solidis
1286 3020 1403 3102 culpa-

243 3104 312 3166 bilis
334 3104 498 3167 iudicetur.

349 3193 378 3252 2.
401 3188 431 3249 Si
463 3189 532 3269 quis
563 3209 581 3251 a
611 3191 817 3254 contubernio
848 3190 1055 3270 probabiliter
1084 3190 1196 3270 ligatus
1227 3208 1322 3268 super
1350 3208 1403 3250 res

243 3272 362 3334 alienas
384 3271 488 3347 luerit,
512 3293 583 3334 eum
607 3278 646 3336 ad
671 3276 902 3336 exeusationem
926 3292 987 3333 non
1010 3273 1227 3352 permittimus.

349 3360 378 3422 3.
401 3358 461 3418 Sed
486 3358 511 3420 si
540 3379 617 3420 unus
639 3359 737 3419 homo
762 3378 831 3419 oum
854 3355 1037 3418 satellitibus
1057 3355 1121 3418 suis
1141 3354 1300 3415 hominem
1317 3354 1407 3432 liga-

243 3442 333 3514 verit,
353 3452 406 3504 aut
421 3443 521 3521 ipsum
546 3461 697 3503 excusare
721 3441 943 3523 permittimus;
967 3447 1021 3499 aut
1037 3439 1197 3520 proximus
1215 3437 1291 3507 eins,
1315 3442 1405 3517 quod

241 3525 393 3587 innocens
415 3527 527 3611 ligatus
550 3526 599 3598 sit,
622 3544 692 3586 eum
715 3533 734 3589 6
756 3526 847 3585 iuret·

771 3641 878 3702 XLIV.

640 3745 692 3806 De
717 3741 1002 3806 venationibus.

352 3853 378 3916 1
401 3848 517 3930 Siquis
538 3849 578 3909 de
601 3847 732 3909 diversis
748 3847 966 3908 venationibus
990 3846 1113 3910 iuratus
1136 3847 1229 3908 fuerit
1249 3853 1279 3908 et
1296 3847 1407 3910 eaela-

244 3933 340 4006 verit,
370 3951 425 3993 seu
456 3931 548 3993 etde
571 3929 811 4010 piseationibus,
846 3934 883 3997 15
908 3931 1015 3993 solidis
1046 3931 1206 4011 culpabilis
1236 3930 1406 3995 iudicetur.

243 4017 324 4092 Quia
347 4035 411 4077 non
434 4025 482 4077 est
503 4016 585 4076 haee
606 4035 657 4077 res
680 4034 841 4095 possessa,
863 4017 918 4076 sed
943 4016 982 4076 de
1006 4017 1222 4078 venationibus
1246 4016 1357 4098 agitur

350 4105 379 4166 2.
402 4100 433 4161 Si
457 4100 525 4182 quis
549 4120 676 4162 cervum
700 4099 852 4162 domitum
875 4100 925 4161 vel
947 4119 1016 4160 enm
1040 4101 1140 4162 triutis
1164 4099 1324 4171 occiderit,
1353 4112 1409 4164 aut

244 4187 367 4250 lirratus
383 4185 487 4258 inerit,
510 4205 571 4246 non
595 4185 675 4246 sient
693 4185 733 4246 ‹le
752 4184 880 4267 reliquis
901 4184 1087 4247 animalibus
1110 4184 1227 4246 lurtum
1251 4184 1408 4264 exigatur,

246 4272 302 4335 sed
326 4278 447 4333 tantum
469 4272 509 4336 45
532 4269 642 4332 solidis
666 4269 823 4335 multetur
