2956 4944
664 301 740 359 tux
758 301 947 360 ulutatum.

705 497 728 552 u
748 488 849 552 cour.
868 479 909 553 Α.

221 622 364 718 absque
384 616 686 692 interfectionem
705 615 915 711 hominurn,
939 616 1125 713 pecodum
1145 615 1206 688 vel
1225 615 1386 692 alterius

222 721 300 817 rei,
337 718 410 794 nisi
442 743 684 793 communem
715 728 876 791 mortem
910 727 1177 814 consumptus,
1214 717 1386 814 sepultus

221 821 355 918 iaciat,
387 830 425 894 et
461 819 580 918 ipsam
615 830 793 893 retortam
818 817 864 917 in
900 818 1036 916 pedem
1066 818 1218 912 habeat,
1257 829 1295 891 et
1328 819 1384 892 sic

220 947 289 1020 per
330 923 411 1020 ipsa
448 932 590 994 retorta
628 944 744 1018 super
782 919 864 1016 ipso
905 917 1109 1015 sepulchro
1147 942 1300 1016 semper
1336 921 1382 993 de

222 1048 335 1097 manu
356 1023 393 1094 in
408 1046 520 1095 manu
536 1020 729 1095 ambulare
750 1020 864 1114 debit,
884 1044 1002 1117 usque
1022 1020 1109 1091 dum
1132 1020 1176 1091 ad
1200 1044 1244 1093 ea
1266 1045 1380 1093 manu

220 1124 340 1218 venit,
368 1122 432 1221 qui
461 1146 548 1195 eum
576 1121 722 1195 inlicito
748 1121 879 1195 ordine
905 1119 1072 1195 vindedit
1100 1120 1161 1192 vel
1186 1121 1380 1195 furaverit.

220 1224 327 1313 Quod
353 1223 419 1319 [si]
448 1223 502 1296 ita
529 1245 602 1295 non
640 1221 793 1318 fecerit,
828 1220 989 1318 capitale
1022 1232 1060 1295 et
1093 1221 1256 1295 ditatura
1294 1247 1380 1296 curn

219 1325 318 1425 legis
337 1321 521 1397 beneficio
541 1348 608 1397 seu
629 1346 699 1397 con
719 1323 821 1397 furtu
840 1322 1039 1420 culpabilis
1059 1321 1257 1395 iudicetur.

322 1463 355 1535 2.
389 1460 428 1534 Si
443 1472 569 1534 autem
585 1460 620 1534 ei
637 1461 727 1560 fuga
741 1459 871 1558 lapsus
887 1461 1011 1555 fuerit,
1030 1460 1061 1533 si
1078 1460 1173 1533 infra
1188 1461 1380 1556 ducatum,

221 1587 335 1660 super
359 1561 663 1660 quattuordecim
684 1571 835 1656 noctes3
855 1561 887 1635 si
907 1573 1013 1636 extra
1034 1563 1184 1655 ducato,
1202 1585 1317 1659 super
1332 1565 1382 1634 40

221 1674 371 1757 noctes3
404 1665 503 1760 quod
538 1663 570 1736 si
601 1673 705 1736 extra
736 1687 876 1762 regno,
910 1687 1026 1761 super
1057 1665 1107 1736 80
1143 1661 1309 1760 placitus
1343 1665 1379 1736 ei

220 1763 449 1836 concidatur.
482 1763 590 1852 Quod
611 1762 643 1836 si
670 1763 766 1836 infra
785 1763 968 1861 placitum
988 1787 1075 1836 eum
1092 1775 1380 1861 repraesentare

218 1888 292 1937 non
307 1863 484 1962 potuerit,
511 1864 673 1961 capitale
699 1875 735 1937 et
758 1863 920 1939 dilutura
945 1889 1012 1939 seu
1031 1875 1170 1963 texaga
1191 1865 1251 1938 vel
1279 1865 1379 1964 legis

219 1963 402 2039 beneficio
424 1964 620 2061 culpabilis
640 1964 835 2037 iudicetur.

320 2106 354 2177 3.
399 2100 439 2176 Si
460 2112 587 2175 autem
614 2127 702 2177 eum
728 2101 968 2196 interficerit,
998 2103 1071 2177 nisi
1102 2103 1139 2175 in
1167 2104 1378 2200 quadruvio

219 2227 305 2275 curn
331 2213 473 2277 retorta
505 2203 693 2301 sepultus,
727 2203 798 2300 ipsi
831 2203 995 2302 capitale
1027 2215 1066 2279 et
1096 2203 1257 2279 ditatura
1290 2229 1378 2279 curn

218 2316 355 2403 texaga
384 2327 451 2377 seu
486 2329 580 2379 cenu
606 2305 798 2378 werdunia
822 2304 883 2378 vei
915 2305 1013 2404 legis
1046 2303 1271 2379 beneficium
1300 2307 1379 2380 cut-

218 2405 353 2502 pabilis
372 2405 568 2479 iudicetur.

321 2547 354 2614 4.
394 2541 433 2615 Si
463 2551 589 2614 autem
618 2541 761 2640 aliquid
789 2542 898 2639 culpa
928 2542 1115 2636 emiserit,
1144 2546 1233 2618 dum
1263 2544 1378 2619 inter·

216 2693 345 2700 .-..-....
352 2693 395 2698 -
401 2694 432 2698 ...-
438 2694 454 2698 ...
465 2693 1378 2704 --ω--α--ι-ᾐ-ῄη--ῃ-ψ

695 2771 719 2824 n
737 2770 840 2825 corn.
858 2753 901 2825 B.

217 2889 267 2950 vel
300 2887 428 2949 atterius
461 2887 524 2960 rei,
556 2887 617 2949 uisi
650 2906 815 2949 commune
849 2895 950 2950 morte
983 2897 1203 2969 consumptus,
1237 2893 1377 2972 sepultus

217 2972 329 3046 iaceat,
353 2980 384 3034 et
404 2971 505 3052 ipsam
528 2979 679 3034 retortam
701 2972 732 3033 in
755 2973 836 3054 pede
858 2974 990 3046 habeat,
1013 2983 1044 3035 et
1066 2993 1123 3054 per
1145 2975 1245 3055 ipsam
1268 2985 1379 3039 retor-

217 3064 282 3119 tam
316 3075 412 3136 super
439 3057 510 3137 ipso
541 3057 710 3138 sepulchro
739 3076 865 3139 semper
895 3060 934 3119 de
962 3076 1056 3118 manu
1084 3060 1115 3118 r'n
1144 3079 1271 3121 manum
1303 3080 1379 3123 am-

217 3139 327 3202 bulare
357 3142 465 3213 debet,
494 3159 595 3221 usque
625 3141 698 3202 dum
729 3142 769 3201 ad
799 3160 868 3202 earn
900 3159 1026 3201 manum
1056 3143 1168 3217 veniat,
1195 3163 1278 3227 quae
1305 3165 1378 3208 eum

215 3224 333 3285 inlicito
363 3223 475 3284 ordine
505 3223 646 3284 vendidit
674 3225 721 3285 vel
751 3225 875 3285 furavit.
918 3223 1011 3296 Quod
1042 3225 1067 3285 si
1096 3226 1140 3288 ita
1171 3248 1234 3290 non
1259 3229 1379 3304 fecerit,

216 3306 342 3387 capitali
365 3315 396 3369 et
418 3307 553 3369 ditatura
577 3327 645 3370 cum
668 3307 744 3388 legis
767 3307 920 3368 beneficio
944 3328 999 3369 seu
1023 3329 1092 3371 curn
1115 3311 1199 3373 furto
1214 3313 1377 3395 culpabitis

214 3393 379 3454 iudicetur.

300 3515 330 3576 2.
365 3512 395 3573 st
419 3517 524 3573 autem
548 3512 577 3572 oi
598 3512 672 3592 suga
695 3512 801 3591 lapsus
821 3511 924 3586 suerit,
946 3512 971 3573 si
994 3513 1075 3574 infra
1098 3517 1254 3585 ducatum,
1277 3539 1378 3598 supra

216 3596 468 3677 quattuordecim
493 3604 616 3670 noctes3
640 3596 665 3656 si
689 3603 777 3657 extra
794 3596 950 3669 ducatum,
975 3617 1069 3678 super
1084 3602 1124 3664 to
1140 3609 1265 3674 noctes;
1288 3605 1376 3682 quod

216 3680 242 3740 si
264 3688 353 3741 extra
375 3699 515 3761 regnum,
537 3698 632 3761 super
646 3682 686 3744 80
703 3678 833 3758 placitus
856 3680 884 3740 ei
906 3683 1106 3744 concedatur.
1144 3683 1236 3758 Quod
1252 3685 1278 3747 si
1291 3685 1378 3750 intra

216 3764 363 3844 placitum
395 3784 464 3825 eum
491 3771 730 3845 repraesentare
752 3782 816 3825 non
842 3767 992 3844 potuerit,
1023 3767 1151 3848 capitali
1179 3777 1209 3830 et
1239 3769 1377 3834 dilatura

216 3867 271 3910 seu
294 3848 377 3909 furto
400 3849 451 3909 vel
472 3848 547 3931 legis
572 3847 723 3909 beneficio
746 3848 908 3927 culpabilis
930 3850 1093 3914 iudicetur.

320 3971 350 4034 3.
385 3969 416 4029 Si
433 3976 537 4030 autern
554 3987 624 4029 eum
640 3969 839 4042 interfecerit,
855 3969 914 4032 nisi
928 3970 959 4031 in
976 3973 1151 4052 quadruvio
1168 3993 1237 4034 curu
1253 3982 1377 4038 retorta

215 4052 366 4135 sepultus,
396 4053 464 4131 ipse
494 4052 628 4134 capitale
651 4061 681 4115 et
704 4053 840 4117 ditatura
863 4075 932 4116 curn
955 4056 1040 4117 torto
1063 4077 1118 4118 seu
1141 4057 1378 4123 cinewerdunia

215 4138 264 4198 vel
286 4136 363 4218 legis
386 4136 540 4198 beneficio
563 4137 724 4218 culpabilis
746 4138 908 4201 iudicetur.

321 4260 350 4324 4.
387 4258 417 4320 si
446 4263 550 4319 autern
581 4257 697 4338 aliquid
726 4261 837 4341 culpae
867 4261 1068 4334 commiserit,
1098 4262 1171 4322 dum
1194 4260 1376 4328 intertiatus
