2956 4944
626 293 701 349 LEX
722 286 908 349 aleonum.

536 600 964 710 CAPITULARE

221 781 383 886 aad!
422 777 792 885 Rlssonfflnu
830 773 1149 880 uuolton.
1186 777 1306 889 803.

314 1018 357 1066 ee
383 991 543 1065 editione
568 988 747 1076 Atfredi
772 989 960 1062 Boretii
986 989 1210 1082 repetitum1.

23 1176 173 1292 stfffl'f'
207 1200 354 1282 incipit
376 1217 481 1261 nova
503 1198 603 1279 legis
627 1195 871 1259 constitutio
894 1197 1034 1258 Karoli
1057 1196 1319 1278 imperatoris

381 1302 453 1365 qua
478 1282 516 1343 in
539 1283 627 1364 lege
649 1280 842 1343 Ribuaria
867 1280 1059 1342 mittenda
1084 1288 1151 1344 est.

272 1407 298 1470 1.
331 1405 354 1466 1.
383 1423 451 1485 cap.
505 1403 535 1465 si
566 1403 635 1484 quis
666 1403 819 1483 ingenuus
850 1402 1018 1482 ingenuum
1047 1403 1108 1463 ictu
1139 1405 1340 1484 percusserit,

185 1488 360 1571 quindecim
385 1487 504 1551 solidos
527 1492 696 1568 conponat.

269 1577 298 1638 2.
324 1573 362 1635 X.
379 1592 446 1653 cap.
481 1573 586 1633 Homo
606 1571 718 1651 regius,
734 1570 764 1630 id
786 1577 834 1630 est
849 1568 1019 1639 fiscalinus,
1043 1578 1074 1631 et
1089 1570 1340 1636 aecclesiasticus

186 1659 233 1719 vel
257 1658 329 1719 litus
351 1656 534 1718 interiectus
558 1660 680 1716 centum
703 1654 811 1714 solidis
834 1659 1044 1734 conponatur.

270 1744 299 1807 3.
332 1739 397 1802 Xll.
421 1760 489 1820 cap.
527 1739 632 1799 Homo
659 1738 821 1819 ingenuus,
850 1738 902 1817 qoi
926 1737 1021 1798 multa
1045 1737 1184 1818 qualibet
1214 1739 1340 1802 solvere

186 1843 250 1886 non
266 1824 404 1904 potuerit
426 1831 457 1883 et
481 1821 685 1883 fideiussores
703 1841 764 1881 nou
788 1821 944 1893 habuerit,
967 1821 1059 1882 liceat
1084 1822 1111 1882 ei
1134 1823 1338 1904 semetipsum

186 1909 215 1968 in
233 1908 370 1969 wadium
394 1907 432 1979 ei,
456 1908 504 1967 cui
528 1906 652 1967 debitor
675 1912 733 1978 est,
750 1905 882 1978 mittere,
906 1905 1096 1985 usquedum
1113 1907 1219 1980 multa,
1243 1927 1339 1989 quam

187 1991 303 2063 debuit,
326 1990 497 2071 persolvat.

271 2077 300 2141 4.
335 2075 409 2136 item
439 2074 470 2134 in
502 2075 613 2135 eodem
646 2073 782 2154 capitulo
793 2082 814 2135 ².
859 2072 905 2133 De
938 2073 1058 2136 soniste
1092 2082 1146 2135 aut
1171 2081 1338 2140 sexcentos

186 2159 307 2222 solidos
323 2165 483 2239 conponat
499 2166 636 2220 anteum
655 2156 819 2220 duodecim
837 2157 920 2220 iuret
936 2163 1000 2230 aut,
1023 2158 1048 2218 si
1063 2157 1125 2232 ille,
1142 2159 1193 2239 qui
1209 2178 1338 2222 causam

187 2245 319 2324 quaerit,
336 2243 502 2304 duodecim
517 2242 680 2304 hominum
704 2248 937 2303 sacramentum
961 2241 1101 2323 recipere
1120 2244 1264 2316 notuerit,
1285 2251 1340 2307 aut

187 2347 278 2390 cruce
301 2335 355 2390 aut
377 2335 465 2389 scuto
488 2336 519 2388 et
541 2327 623 2388 fuste
647 2335 755 2388 contra
779 2344 849 2387 eum
874 2326 1022 2387 decertet.

271 2418 300 2477 5.
326 2411 396 2472 XX.
414 2431 481 2492 cap.
519 2411 639 2471 Nemini
662 2410 756 2472 liceat
778 2428 904 2472 servum
927 2429 1017 2471 suum
1042 2416 1170 2488 propter
1189 2411 1338 2473 damnum

187 2497 227 2557 ab
250 2495 304 2556 illo
327 2495 452 2556 cuilibet
473 2493 602 2555 inlatum
627 2493 802 2568 dimittere3
831 2493 886 2554 sed
914 2493 1001 2555 iuxta
1024 2492 1207 2573 qualitatem
1232 2496 1338 2558 damni

188 2578 333 2640 dominus
357 2598 415 2658 pro
438 2579 507 2658 ipso
531 2580 724 2657 respondeat
747 2577 795 2638 vel
817 2596 887 2639 eum
911 2577 942 2638 in
966 2576 1195 2658 compositione
1222 2587 1273 2641 aut
1297 2581 1338 2642 ad

188 2681 325 2743 poenam
349 2662 490 2742 petitoris
514 2662 637 2722 offerat.
682 2661 713 2723 Si
737 2669 842 2723 autem
874 2680 983 2724 servus
1007 2668 1189 2743 perpetrato
1217 2663 1336 2726 scelere

186 2746 309 2830 sugerit,
332 2746 374 2807 ita
391 2753 424 2807 ut
447 2766 465 2807 a
488 2745 616 2807 domino
633 2746 755 2826 penitus
778 2745 911 2806 inveniri
925 2765 988 2807 non
1005 2745 1112 2827 possit,
1137 2755 1337 2810 sacramento

77 2841 112 2901 *o
124 2842 175 2893 118.
186 2849 220 2892 se
244 2831 389 2892 dominus
414 2832 480 2893 eius
504 2829 669 2892 excusare*
692 2829 830 2903 studeat,
862 2829 946 2910 quod
976 2850 1034 2892 nec
1063 2849 1140 2891 suae
1170 2830 1338 2895 voluntatis

185 2934 243 2976 nec
260 2915 476 2978 conscienciae
493 2914 612 2988 fuisset,
629 2916 714 2997 quod
731 2933 839 2976 servus
856 2914 922 2976 eius
939 2913 1001 2975 talo
1016 2914 1135 2975 facinus
1152 2915 1338 2980 commisitt

273 3018 298 3100 ²⁸)
323 3019 426 3080 XXX.
450 3016 534 3079 Sicut
557 3016 721 3096 petierunt,
747 3017 791 3079 ita
821 3016 1151 3097 domnusimperator
1180 3019 1341 3082 consensit

308 3105 412 3158 oddont
431 3104 507 3158 codd.
530 3102 553 3158 1.
573 3104 599 3156 2.

269 3214 298 3274 6.
326 3209 475 3272 XXthl.
506 3219 595 3291 cap.³
642 3209 673 3272 Si
704 3209 772 3291 quis
800 3211 840 3271 ad
870 3210 997 3273 mellum
1030 3211 1149 3294 tegibus
1179 3212 1337 3274 mannitus

183 3294 277 3357 tuerit
300 3303 330 3355 et
351 3314 415 3356 non
439 3297 568 3369 venerit,
590 3294 615 3357 si
640 3312 710 3356 eum
734 3293 842 3356 sunnis
865 3314 927 3357 non
951 3295 1135 3368 detenuerit,
1158 3294 1337 3376 quindecim

183 3379 292 3442 solidis
308 3378 470 3460 culpabitis
485 3378 655 3455 iudicatum
676 3378 720 3440 sic
735 3380 775 3439 ad
792 3379 963 3458 secundam
978 3386 1009 3440 et
1024 3380 1164 3441 terciam.
1187 3379 1340 3442 Stantem

183 3465 224 3525 ad
257 3473 401 3546 quartam
434 3463 541 3525 venire
569 3462 810 3542 contempserit,
845 3462 1005 3543 possessio
1037 3463 1103 3526 eius
1136 3463 1167 3524 in
1196 3465 1338 3526 bannum

183 3548 332 3622 mittatur,
352 3548 454 3608 donec
469 3547 573 3610 veniat
588 3555 619 3609 et
634 3547 673 3607 de
692 3566 736 3619 re,
753 3565 815 3626 qua
831 3546 1046 3627 interpellatus
1062 3547 1163 3620 tuerit,
1186 3547 1337 3610 iustitiam

182 3632 283 3695 satiat.
333 3633 363 3693 si
394 3632 476 3693 intra
507 3651 621 3693 annum
650 3651 712 3692 non
736 3632 873 3702 venerit,
902 3633 941 3692 de
968 3634 1062 3693 rebus
1089 3632 1165 3705 eius,
1195 3650 1276 3712 quae
1306 3632 1337 3692 in

182 3718 320 3778 bannum
345 3717 460 3779 missae
483 3723 564 3789 sunt,
586 3735 643 3776 rex
664 3715 889 3798 interrogetur,
921 3724 951 3778 ot
980 3716 1125 3797 quicquid
1153 3716 1226 3776 inde
1251 3715 1339 3776 iudi-

183 3802 301 3863 caverit
322 3800 386 3863 fiat.
430 3799 534 3861 Prima
558 3798 766 3862 ammonitio*
789 3818 884 3879 super
908 3809 1017 3862 noctes
1040 3806 1172 3881 septem,
1199 3802 1339 3862 secunda

183 3904 281 3964 super
298 3892 408 3946 noctes
424 3882 686 3966 quattuordecim,
708 3882 800 3945 tertia
816 3902 912 3964 super
927 3883 1034 3965 viginti
1050 3892 1081 3946 et
1101 3902 1204 3957 unam,
1224 3890 1339 3964 quarta

271 3985 295 4068 *)
321 3986 471 4047 mannitio
495 3998 552 4051 cod.
573 3995 599 4051 3.
614 3997 640 4049 4.

183 4153 207 4225 1)
229 4152 340 4207 Codice-s
359 4155 475 4207 nonacris
498 4151 577 4205 1-4.
599 4151 740 4208 oBoretio
760 4156 844 4208 notati
861 4159 936 4208 eunt:
958 4152 981 4206 1.
999 4153 1085 4206 Poris.
1099 4152 1181 4206 4629.
1211 4151 1237 4206 2.
1259 4151 1341 4207 ctet-

180 4229 285 4281 tentom
312 4226 391 4280 1736.
431 4224 457 4279 3.
484 4225 563 4280 Votic.
591 4226 646 4280 Pet.
667 4225 729 4279 773.
768 4225 794 4277 4.
815 4227 927 4295 Epored.
948 4225 993 4280 33.
1124 4225 1150 4294 2)
1171 4227 1279 4293 Spectet
1303 4228 1340 4280 od

179 4305 217 4354 te.
241 4298 283 4355 18,
301 4302 378 4355 tutus
397 4301 528 4353 editionis.
641 4298 667 4369 3)
687 4300 795 4368 Spectet
813 4301 850 4353 od
867 4304 907 4354 tit.
927 4298 971 4351 32.
993 4299 1069 4353 tutus
1088 4301 1221 4355 editionis.
