2956 4944
553 336 631 392 Lex
649 335 835 393 ninUAnrn.
1239 339 1274 394 55

596 531 738 587 neone.
758 512 798 585 Α.

114 650 320 745 iudicetur,
355 663 391 724 et
423 650 579 750 insuper
606 651 767 749 capitale
796 662 833 725 et
852 650 1053 725 dilaturam
1084 653 1272 728 restituat.

114 752 161 827 Et
183 752 216 826 ei
240 752 447 826 multarem
470 751 573 826 servi
592 752 750 851 inerint,
778 751 1037 852 unnsnrisqne
1052 779 1121 853 per
1135 765 1273 830 semet·

115 855 243 954 ipsum
269 853 447 929 eimiiiter
473 852 624 928 faciant.
661 857 736 928 Ant
763 854 799 928 ei
825 854 1070 954 negaverint,
1096 855 1278 931 dominns·

116 980 249 1031 corum
270 979 359 1029 cuno
375 980 443 1030 een
461 955 561 1030 ierit.

217 1078 249 1150 3.
289 1075 328 1150 Si
356 1076 472 1149 homo
504 1074 787 1149 ecclesiasticus
824 1086 889 1149 aut
915 1074 1052 1174 reg-ine
1073 1076 1149 1151 hoe
1174 1076 1274 1150 fece·

113 1174 209 1272 rint,
242 1175 489 1251 medietatem
520 1175 827 1275 conpositionem
849 1177 1083 1250 Francorum
1105 1177 1274 1278 culpabi-

114 1275 166 1352 lis
182 1276 382 1352 indicetur.
418 1278 494 1350 Ani
512 1277 547 1351 si
563 1277 772 1375 negaverit,
792 1301 878 1351 oum
899 1281 947 1353 66
967 1277 1067 1352 ierit.

650 1450 740 1524 xlx.

219 1575 249 1644 1.
269 1569 309 1645 Si
333 1569 519 1669 ingenuos
548 1593 660 1644 servo
691 1569 767 1643 ieie
789 1569 1034 1670 percusserit,
1059 1575 1271 1671 uesanguis

112 1697 187 1745 non
214 1672 335 1768 exiat,
364 1695 484 1771 usque
511 1681 640 1746 ternos
661 1671 793 1770 colpus
828 1670 1001 1769 singulos
1020 1672 1166 1749 solidos
1187 1698 1273 1748 con-

112 1784 238 1872 ponat.
275 1774 349 1848 Aut
367 1771 399 1847 si
419 1772 629 1873 negaverit,
650 1798 736 1848 cum
756 1774 778 1846 6
799 1771 898 1846 iurit.

214 1893 249 1968 2.
282 1890 322 1966 Si
341 1894 458 1968 homo
478 1891 762 1968 ecclesiasticos
790 1903 855 1967 aut
876 1892 1008 1991 regius
1033 1893 1107 1970 hoc
1125 1895 1273 1994 fecerit,

112 1995 134 2069 3
155 1993 298 2070 solidos
320 1993 517 2093 eulpabssis
537 1992 739 2090 iudicetur,
754 2005 819 2068 aut
838 2019 924 2068 curn
943 2019 1010 2070 sex
1029 1994 1139 2071 iuret.

214 2117 247 2189 3.
285 2114 391 2203 Quod
428 2113 459 2188 si
496 2138 629 2188 servus
659 2113 814 2188 homine
848 2113 955 2212 regio
993 2125 1059 2189 aut
1094 2115 1273 2191 eeclesia·

112 2214 208 2288 atico
233 2215 295 2288 vel
321 2214 466 2288 Franco
491 2215 565 2288 hoc
592 2213 746 2310 fecerit,
780 2239 848 2313 per
866 2226 995 2289 ternos
1015 2214 1112 2289 ictos
1139 2219 1161 2291 3
1184 2217 1273 2291 soli-

111 2316 183 2430 5¹⁰⁸.
209 2325 409 2412 conponat.
446 2315 523 2388 Aut?
539 2313 571 2390 si
593 2315 802 2415 negaverit,
829 2314 1005 2390 dominus
1024 2316 1110 2391 eius
1144 2340 1229 2392 cum
1249 2322 1272 2393 6

113 2427 212 2490 rurrt.

597 2597 742 2655 neone.
762 2581 805 2653 B.

110 2724 215 2789 cetur,
243 2722 275 2777 et
303 2716 433 2798 insuper
454 2715 590 2798 capitale
620 2723 651 2778 et
679 2716 846 2779 dilaturam
876 2715 1029 2780 restituat.
1072 2717 1112 2778 Et
1137 2715 1164 2779 ei
1187 2717 1273 2778 mul-

108 2807 214 2862 torum
230 2800 313 2864 cervi
328 2800 453 2878 fuerint,
477 2801 691 2882 unusquisque
714 2821 772 2882 per
793 2800 995 2881 semetipsum
1011 2800 1153 2864 similiter
1166 2800 1271 2865 faciat.

109 2885 171 2947 Ant
193 2883 220 2945 ei
241 2885 435 2967 negaverint,
458 2883 711 2947 dominicorum
735 2902 804 2947 enm
828 2887 847 2949 6
869 2884 982 2946 iurent.

215 2986 300 3084 ausi
313 2985 421 3085 'homo
444 2985 672 3050 ecclesiasticus
688 2986 870 3087 ‚antoregine
883 2985 943 3049 hoc
958 2985 1078 3086 iecerit,
1102 2986 1272 3086 medietate

110 3071 554 3220 ggrlglpzegninlrneeffrancorum
571 3068 735 3152 culpabilis
750 3070 915 3135 iudicetur.
947 3071 1009 3134 Ant
1031 3091 1057 3135 n
1079 3079 1272 3157 negaverint,

647 3259 733 3322 XIX.

497 3361 547 3423 De
569 3347 646 3424 inin
670 3380 880 3425 servorum.

219 3468 245 3530 1.
271 3463 303 3527 si
331 3463 484 3547 ingenuus
514 3482 637 3526 servum
666 3464 728 3528 ictu
751 3463 958 3546 percusserit,
987 3470 1021 3526 nt
1050 3465 1177 3547 sanguis
1206 3484 1270 3527 non

110 3557 220 3620 exeat,
244 3567 342 3629 usque
366 3559 472 3611 ternos
489 3549 621 3630 colpos*
641 3548 781 3632 singulos
802 3549 923 3612 eolides
946 3556 1116 3630 conponat.
1160 3550 1221 3610 Aut
1244 3549 1270 3612 si

110 3631 283 3715 negaverit,
306 3651 376 3694 cum
399 3636 419 3697 6
441 3631 532 3695 iuuet.

210 3737 240 3798 2.
263 3733 298 3795 Si
317 3733 415 3796 hono
438 3735 667 3800 ecclesiasticus
689 3745 744 3798 aut
766 3737 871 3817 regins
893 3734 956 3797 hoc
976 3733 1096 3807 iecerit,
1118 3737 1143 3801 3
1162 3735 1270 3797 solidis

109 3817 276 3900 canabina
296 3817 461 3892 iudicetur,
485 3829 539 3883 ant
560 3840 632 3883 enm
652 3824 674 3887 6
695 3821 786 3883 iuret.

216 3924 246 3988 3.
280 3918 374 3994 Quod
408 3923 435 3983 si
468 3941 577 3985 servus
610 3922 731 3984 homini
768 3923 854 4004 regio
888 3929 943 3985 aut
976 3921 1188 3986 ecclesiastice
1221 3922 1271 3984 vel

109 4007 232 4069 Franco
254 4007 317 4068 hoc
336 4003 454 4079 feeerit,
478 4025 534 4086 per
556 4015 662 4070 ternos
685 4007 765 4070 ictus
788 4007 943 4074 aselinus
963 4014 1131 4091 conponat.
1164 4009 1226 4070 Aut
1244 4007 1271 4068 si

110 4091 280 4173 negaverit,
304 4088 449 4153 dominus
472 4089 538 4154 eins
561 4110 631 4153 curn
654 4094 674 4157 6
694 4091 786 4155 iuret.

214 4213 239 4297 ⁴}
256 4213 341 4294 qnod
359 4230 417 4273 nos
432 4212 563 4275 dicimus
579 4212 732 4295 bonielegi
751 4229 871 4281 enom
884 4223 910 4279 3,
924 4223 950 4279 4,
