2956 4944
588 307 664 362 LEX
684 305 870 364 ntssttnmn.

623 502 647 554 u
665 500 768 555 corn.
786 483 827 556 Α.

254 626 287 695 3.
315 622 354 695 Si
375 632 501 695 autem
530 622 568 693 in
597 621 837 696 venationem
875 648 949 696 non
976 623 1067 720 fuit⁷
1095 626 1144 697 30
1163 623 1308 698 solidos

152 722 350 821 culpabilis
369 720 591 795 iudicetur*.

298 842 323 911 *J
345 841 438 896 Cum
462 843 548 895 addit:

224 985 234 999 ,
341 935 370 997 4.
394 931 425 992 Si
448 931 517 1013 quis
541 932 580 991 de
596 938 665 993 sote
689 950 819 1011 porcum
842 931 1004 1008 furaverit,
1030 931 1215 1004 tusuidus,
1239 940 1270 993 et
1284 932 1309 993 si

259 1017 298 1077 de
321 1036 441 1096 eampo,
464 1015 620 1081 3solidns
644 1015 826 1096 culpabilis,
849 1023 880 1076 et
900 1017 983 1096 qnod
1005 1016 1156 1079 furaverit
1170 1015 1200 1076 in
1218 1016 1341 1097 tripfor.
1358 1021 1414 1071 235.

258 1120 315 1162 cun
340 1109 425 1162 unat.
709 1109 715 1125 “

319 1122 370 1249 Ρ5.
394 1184 425 1245 Si
440 1183 517 1265 quis·
527 1183 566 1244 de
588 1183 670 1243 ovile
686 1183 844 1244 berbicem
860 1183 1023 1257 furaverit,
1047 1187 1065 1246 6
1082 1183 1213 1258 solidos,
1238 1196 1268 1245 et
1284 1185 1311 1247 si

259 1270 298 1328 de
314 1286 438 1348 campo,
461 1265 627 1338 3suiid0s‚
648 1275 678 1327 et
699 1269 781 1346 quud
806 1266 956 1328 furaverit
979 1268 1009 1328 in
1027 1268 1118 1348 triplo
1142 1274 1310 1349 conponat
1344 1332 1346 1337 ,

342 1354 371 1415 6.
394 1351 424 1411 si
458 1350 527 1430 quis
562 1351 600 1410 de
629 1350 772 1430 appiarin
805 1369 896 1430 apem
925 1351 1092 1424 furaverit,
1131 1354 1311 1417 12s01id0s

259 1442 426 1515 conponat,
450 1440 481 1494 et
503 1436 587 1515 quud
610 1433 761 1498 furaverit
782 1433 812 1492 iu
837 1433 929 1514 triplo
953 1441 1122 1515 cunpnnat.

673 1556 795 1628 xum.

254 1676 293 1749 Si
314 1676 398 1773 quis
418 1701 507 1750 vero
526 1686 603 1750 tres
628 1675 766 1773 virgas,
794 1677 890 1748 unde
915 1675 1007 1750 sibis
1028 1677 1225 1775 tegantur,
1251 1677 1310 1750 vel

154 1790 314 1872 retorta,
344 1779 441 1851 unde
472 1776 564 1852 sibis
595 1777 829 1871 contenitur,
860 1777 1113 1875 eapulaverit‚
1143 1788 1208 1850 aut
1233 1790 1312 1852 tres

156 1882 369 1954 eambertus
398 1878 637 1970 involaverit,
665 1902 732 1951 seu
762 1879 798 1950 in
829 1879 1004 1952 clausura
1029 1879 1151 1953 aliena
1168 1890 1312 1953 tracum

155 1981 300 2074 feeerit,
326 1985 368 2055 15
388 1979 531 2054 solidos
551 1980 745 2052 multetur.

674 2115 790 2188 xmv.

256 2237 293 2310 si
312 2235 395 2334 quis
415 2259 482 2332 per
496 2258 663 2308 messem
678 2234 840 2307 alienam
859 2259 944 2307 eum
959 2259 1065 2308 carro
1082 2236 1142 2307 vel
1159 2259 1313 2309 carruca

155 2336 345 2429 transiret,
372 2342 416 2412 15
437 2335 581 2408 solidos
602 2334 791 2408 multetur.

255 2592 296 2666 Si
323 2593 406 2691 quis
434 2592 629 2667 nesciente
656 2592 811 2668 homine
848 2593 1026 2667 furtivam
1052 2618 1133 2668 rem
1162 2593 1199 2665 in
1230 2592 1312 2666 eius

160 2725 237 2732 -—

636 2803 660 2856 a
683 2802 785 2857 conr.
804 2785 846 2855 B.

155 3003 216 3062 'd'
260 2921 289 2983 3.
320 2919 372 2980 Sin
401 2929 503 2981 antem
533 2919 564 2979 in
590 2921 757 2981 venatione
785 2938 847 2979 nun
870 2919 936 2991 fuit,
958 2923 999 2984 30
1018 2918 1126 2981 solidis
1149 2918 1312 3000 culpabitis

153 3024 184 3065 ru
209 3015 316 3065 netur.

687 3086 781 3149 XLV.
1320 3118 1344 3160 ρ.
1360 3100 1414 3150 2³⁶.

600 3189 649 3248 De
672 3187 870 3269 saepibus.

260 3293 291 3354 Si
313 3293 382 3372 quis
406 3311 481 3352 vero
505 3301 568 3354 tres
592 3292 707 3372 virgas,
730 3292 813 3353 unde
835 3291 940 3372 saepis
963 3289 1090 3372 figatur,
1114 3292 1162 3353 vel
1184 3299 1313 3364 retorta,

154 3378 236 3438 unde
259 3376 364 3456 saepis
388 3377 573 3450 continetur,
605 3376 828 3457 cappuiaverit‚
858 3385 911 3438 ant
933 3379 951 3440 3
976 3377 1156 3437 eambertus
1185 3374 1314 3436 inveta-

155 3480 244 3551 verit‚
267 3498 321 3540 sen
344 3478 375 3538 in
398 3478 542 3542 clausura
564 3480 666 3541 aliena
688 3488 832 3560 trangum
852 3464 897 3536 ad
918 3463 1177 3536 transiendutn
1195 3476 1313 3549 fecerit,

157 3567 194 3629 15
211 3562 318 3625 sofidis
343 3562 500 3633 multetur,

679 3665 786 3727 XLVI.

198 3766 252 3826 De
273 3766 333 3827 his
356 3768 419 3846 qni
442 3767 477 3828 in
503 3786 627 3830 messe
650 3767 785 3829 aliena
809 3786 890 3828 eum
915 3783 1029 3826 carru
1053 3764 1269 3827 transierit.

261 3868 293 3929 st
315 3868 384 3949 quis
407 3887 464 3948 per
480 3888 614 3930 messem
635 3870 772 3931 alienam
796 3889 864 3931 eum
881 3887 975 3930 carru
990 3867 1037 3928 vet
1059 3885 1189 3929 carruca
1206 3876 1313 3930 trans-

154 3952 235 4031 ierit,
262 3957 298 4018 15
322 3952 431 4015 solidis
456 3953 613 4016 multetur.

676 4073 797 4135 xevu.

157 4178 207 4237 De
230 4177 286 4240 his
312 4176 374 4258 qni
397 4175 597 4239 nesciente
627 4176 779 4237 humine
810 4176 974 4255 aliquam
1006 4173 1200 4235 furtivam
1228 4192 1310 4234 rem

493 4261 530 4322 in
554 4263 669 4323 dumo
692 4259 981 4322 introduxerit.

260 4365 290 4425 st
314 4366 382 4446 quis
405 4367 566 4427 nesciente
587 4364 714 4427 homine
737 4363 882 4426 furtivam
905 4382 971 4423 rem
994 4361 1025 4422 in
1049 4360 1115 4422 eins
1132 4357 1313 4440 pussessio-
