<?xml version="1.0" encoding="UTF-8"?>
<!DOCTYPE html PUBLIC "-//W3C//DTD XHTML 1.0 Transitional//EN"
    "http://www.w3.org/TR/xhtml1/DTD/xhtml1-transitional.dtd">
<html xmlns="http://www.w3.org/1999/xhtml" xml:lang="en" lang="en">
 <head>
  <title>
</title>
<meta http-equiv="Content-Type" content="text/html;charset=utf-8" />
  <meta name='ocr-system' content='tesseract 3.04.00' />
  <meta name='ocr-capabilities' content='ocr_page ocr_carea ocr_par ocr_line ocrx_word'/>
</head>
<body>
  <div class='ocr_page' id='page_1' title='image "./fontesiurisgerm02unkngoog_0032.png"; bbox 0 0 2956 4944; ppageno 0'>
   <div class='ocr_carea' id='block_1_1' title="bbox 587 336 1261 394">
    <p class='ocr_par' dir='ltr' id='par_1_1' title="bbox 587 336 1261 394">
     <span class='ocr_line' id='line_1_1' title="bbox 587 336 1261 394; baseline 0.001 -1"><span class='ocrx_word' id='word_1_1' title='bbox 587 336 809 394; x_wconf 77' lang='lat' dir='ltr'>PRAEFATIO.</span> <span class='ocrx_word' id='word_1_2' title='bbox 1225 340 1261 394; x_wconf 78' lang='lat'><strong><em>27</em></strong></span> 
     </span>
    </p>
   </div>
   <div class='ocr_carea' id='block_1_2' title="bbox 131 509 1377 3447">
    <p class='ocr_par' dir='ltr' id='par_1_2' title="bbox 131 509 1377 3447">
     <span class='ocr_line' id='line_1_2' title="bbox 135 509 1262 598; baseline -0.001 -22"><span class='ocrx_word' id='word_1_3' title='bbox 135 513 248 598; x_wconf 89' lang='lat' dir='ltr'><strong><em>piebat</em></strong></span> <span class='ocrx_word' id='word_1_4' title='bbox 270 535 291 576; x_wconf 94' lang='lat' dir='ltr'><strong><em>a</em></strong></span> <span class='ocrx_word' id='word_1_5' title='bbox 313 510 381 597; x_wconf 83' lang='lat' dir='ltr'><strong><em>bepe</em></strong></span> <span class='ocrx_word' id='word_1_6' title='bbox 398 512 583 593; x_wconf 79' lang='lat' dir='ltr'><strong><em>Ribuaria;</em></strong></span> <span class='ocrx_word' id='word_1_7' title='bbox 601 513 748 595; x_wconf 85' lang='lat' dir='ltr'><strong><em>primurn</em></strong></span> <span class='ocrx_word' id='word_1_8' title='bbox 771 512 857 575; x_wconf 83' lang='lat' dir='ltr'><strong><em>enirn</em></strong></span> <span class='ocrx_word' id='word_1_9' title='bbox 879 510 1003 574; x_wconf 84' lang='lat' dir='ltr'><strong><em>codicis</em></strong></span> <span class='ocrx_word' id='word_1_10' title='bbox 1014 509 1152 595; x_wconf 77' lang='lat' dir='ltr'><strong><em>fotium,</em></strong></span> <span class='ocrx_word' id='word_1_11' title='bbox 1174 511 1262 595; x_wconf 83' lang='lat' dir='ltr'><strong><em>quod</em></strong></span> 
     </span>
     <span class='ocr_line' id='line_1_3' title="bbox 138 595 1261 680; baseline -0.001 -22"><span class='ocrx_word' id='word_1_12' title='bbox 138 618 159 658; x_wconf 93' lang='lat' dir='ltr'><strong><em>a</em></strong></span> <span class='ocrx_word' id='word_1_13' title='bbox 181 595 343 660; x_wconf 82' lang='lat' dir='ltr'><strong><em>uolumine</em></strong></span> <span class='ocrx_word' id='word_1_14' title='bbox 365 595 559 659; x_wconf 84' lang='lat' dir='ltr'><strong><em>distractum</em></strong></span> <span class='ocrx_word' id='word_1_15' title='bbox 580 597 667 659; x_wconf 90' lang='lat' dir='ltr'><strong><em>inter</em></strong></span> <span class='ocrx_word' id='word_1_16' title='bbox 687 598 818 678; x_wconf 87' lang='lat' dir='ltr'><strong><em>ineptas</em></strong></span> <span class='ocrx_word' id='word_1_17' title='bbox 839 595 975 658; x_wconf 78' lang='lat' dir='ltr'><strong><em>chartas</em></strong></span> <span class='ocrx_word' id='word_1_18' title='bbox 996 595 1163 659; x_wconf 85' lang='lat' dir='ltr'><strong><em>inuentum</em></strong></span> <span class='ocrx_word' id='word_1_19' title='bbox 1176 595 1261 680; x_wconf 81' lang='lat' dir='ltr'><strong><em>fuit,</em></strong></span> 
     </span>
     <span class='ocr_line' id='line_1_4' title="bbox 137 677 1261 776; baseline -0.002 -33"><span class='ocrx_word' id='word_1_20' title='bbox 137 681 185 743; x_wconf 90' lang='lat' dir='ltr'><strong><em>sic</em></strong></span> <span class='ocrx_word' id='word_1_21' title='bbox 207 678 462 744; x_wconf 77' lang='lat' dir='ltr'><strong><em>inscribebatur:</em></strong></span> <span class='ocrx_word' id='word_1_22' title='bbox 485 678 604 764; x_wconf 82' lang='lat' dir='ltr'><strong>Incipit</strong></span> <span class='ocrx_word' id='word_1_23' title='bbox 624 677 679 743; x_wconf 85' lang='lat' dir='ltr'><strong><em>lox</em></strong></span> <span class='ocrx_word' id='word_1_24' title='bbox 693 678 931 776; x_wconf 82' lang='lat' dir='ltr'><strong><em>Ripuariorum‚</em></strong></span> <span class='ocrx_word' id='word_1_25' title='bbox 953 687 1039 743; x_wconf 87' lang='lat' dir='ltr'><strong><em>turn:</em></strong></span> <span class='ocrx_word' id='word_1_26' title='bbox 1062 677 1098 743; x_wconf 80' lang='lat' dir='ltr'><strong><em>si</em></strong></span> <span class='ocrx_word' id='word_1_27' title='bbox 1120 678 1192 763; x_wconf 85' lang='lat' dir='ltr'><strong><em>quis</em></strong></span> <span class='ocrx_word' id='word_1_28' title='bbox 1214 679 1261 741; x_wconf 88' lang='lat' dir='ltr'><strong><em>in-</em></strong></span> 
     </span>
     <span class='ocr_line' id='line_1_5' title="bbox 136 761 1261 911; baseline 0 -84"><span class='ocrx_word' id='word_1_29' title='bbox 136 784 261 911; x_wconf 54' lang='lat' dir='ltr'><strong><em>ienuus</em></strong></span> <span class='ocrx_word' id='word_1_30' title='bbox 283 763 457 847; x_wconf 84' lang='lat' dir='ltr'><strong><em>ingenuum</em></strong></span> <span class='ocrx_word' id='word_1_31' title='bbox 479 763 547 826; x_wconf 88' lang='lat' dir='ltr'><strong><em>ictu</em></strong></span> <span class='ocrx_word' id='word_1_32' title='bbox 568 770 763 847; x_wconf 76' lang='lat' dir='ltr'><strong><em>percusserit</em></strong></span> <span class='ocrx_word' id='word_1_33' title='bbox 784 771 838 830; x_wconf 85' lang='lat' dir='ltr'><strong><em>etc.</em></strong></span> <span class='ocrx_word' id='word_1_34' title='bbox 882 761 988 842; x_wconf 84' lang='lat' dir='ltr'><strong><em>Folia,</em></strong></span> <span class='ocrx_word' id='word_1_35' title='bbox 1011 785 1096 909; x_wconf 77' lang='lat' dir='ltr'><strong><em>puae</em></strong></span> <span class='ocrx_word' id='word_1_36' title='bbox 1115 764 1261 845; x_wconf 85' lang='lat' dir='ltr'><strong><em>prinum</em></strong></span> 
     </span>
     <span class='ocr_line' id='line_1_6' title="bbox 162 845 1261 931; baseline -0.002 -20"><span class='ocrx_word' id='word_1_37' title='bbox 162 870 197 912; x_wconf 90' lang='lat' dir='ltr'><strong><em>oc</em></strong></span> <span class='ocrx_word' id='word_1_38' title='bbox 212 870 244 910; x_wconf 91' lang='lat' dir='ltr'><strong><em>se</em></strong></span> <span class='ocrx_word' id='word_1_39' title='bbox 266 856 402 927; x_wconf 87' lang='lat' dir='ltr'><strong><em>uuntur‚</em></strong></span> <span class='ocrx_word' id='word_1_40' title='bbox 424 847 557 912; x_wconf 77' lang='lat' dir='ltr'><strong><em>tumore</em></strong></span> <span class='ocrx_word' id='word_1_41' title='bbox 571 855 600 911; x_wconf 93' lang='lat' dir='ltr'><strong><em>et</em></strong></span> <span class='ocrx_word' id='word_1_42' title='bbox 615 868 762 911; x_wconf 83' lang='lat' dir='ltr'><strong><em>marcore</em></strong></span> <span class='ocrx_word' id='word_1_43' title='bbox 778 855 844 910; x_wconf 85' lang='lat' dir='ltr'><strong><em>tarn</em></strong></span> <span class='ocrx_word' id='word_1_44' title='bbox 858 845 942 909; x_wconf 84' lang='lat' dir='ltr'><strong><em>male</em></strong></span> <span class='ocrx_word' id='word_1_45' title='bbox 957 868 1011 909; x_wconf 86' lang='lat' dir='ltr'><strong><em>mu</em></strong></span> <span class='ocrx_word' id='word_1_46' title='bbox 1025 845 1261 931; x_wconf 86' lang='lat' dir='ltr'><strong><em>catafuerunt,</em></strong></span> 
     </span>
     <span class='ocr_line' id='line_1_7' title="bbox 139 869 1260 1017; baseline -0.002 -21"><span class='ocrx_word' id='word_1_47' title='bbox 139 941 174 996; x_wconf 88' lang='lat' dir='ltr'><strong><em>ut</em></strong></span> <span class='ocrx_word' id='word_1_48' title='bbox 202 869 288 996; x_wconf 56' lang='lat' dir='ltr'><strong><em>uegit</em></strong></span> <span class='ocrx_word' id='word_1_49' title='bbox 316 927 545 1017; x_wconf 83' lang='lat' dir='ltr'><strong><em>conplutinata</em></strong></span> <span class='ocrx_word' id='word_1_50' title='bbox 570 931 706 1015; x_wconf 89' lang='lat' dir='ltr'><strong><em>penitus</em></strong></span> <span class='ocrx_word' id='word_1_51' title='bbox 732 932 819 994; x_wconf 86' lang='lat' dir='ltr'><strong><em>inter</em></strong></span> <span class='ocrx_word' id='word_1_52' title='bbox 848 951 880 994; x_wconf 88' lang='lat' dir='ltr'><strong><em>se</em></strong></span> <span class='ocrx_word' id='word_1_53' title='bbox 905 930 1124 994; x_wconf 77' lang='lat' dir='ltr'><strong><em>cohaererent.</em></strong></span> <span class='ocrx_word' id='word_1_54' title='bbox 1167 931 1260 994; x_wconf 93' lang='lat' dir='ltr'><strong><em>Non-</em></strong></span> 
     </span>
     <span class='ocr_line' id='line_1_8' title="bbox 139 1011 1261 1100; baseline -0.003 -21"><span class='ocrx_word' id='word_1_55' title='bbox 139 1013 233 1079; x_wconf 78' lang='lat' dir='ltr'><strong><em>nulla</em></strong></span> <span class='ocrx_word' id='word_1_56' title='bbox 261 1023 368 1078; x_wconf 84' lang='lat' dir='ltr'><strong><em>tarnen</em></strong></span> <span class='ocrx_word' id='word_1_57' title='bbox 398 1014 438 1077; x_wconf 91' lang='lat' dir='ltr'><strong><em>ab</em></strong></span> <span class='ocrx_word' id='word_1_58' title='bbox 460 1014 501 1078; x_wconf 88' lang='lat' dir='ltr'><strong><em>A.</em></strong></span> <span class='ocrx_word' id='word_1_59' title='bbox 523 1013 568 1078; x_wconf 92' lang='lat' dir='ltr'><strong><em>Pe</em></strong></span> <span class='ocrx_word' id='word_1_60' title='bbox 590 1037 652 1079; x_wconf 93' lang='lat' dir='ltr'><strong><em>ron</em></strong></span> <span class='ocrx_word' id='word_1_61' title='bbox 674 1013 825 1097; x_wconf 80' lang='lat' dir='ltr'><strong><em>cupediri</em></strong></span> <span class='ocrx_word' id='word_1_62' title='bbox 846 1021 942 1099; x_wconf 81' lang='lat' dir='ltr'><strong><em>atque</em></strong></span> <span class='ocrx_word' id='word_1_63' title='bbox 963 1011 1055 1078; x_wconf 85' lang='lat' dir='ltr'><strong><em>evelli</em></strong></span> <span class='ocrx_word' id='word_1_64' title='bbox 1072 1023 1261 1100; x_wconf 87' lang='lat' dir='ltr'><strong><em>potuerunt,</em></strong></span> 
     </span>
     <span class='ocr_line' id='line_1_9' title="bbox 139 1037 1262 1198; baseline -0.001 -36"><span class='ocrx_word' id='word_1_65' title='bbox 139 1121 179 1162; x_wconf 83' lang='lat' dir='ltr'><strong><em>en</em></strong></span> <span class='ocrx_word' id='word_1_66' title='bbox 201 1098 320 1198; x_wconf 74' lang='lat' dir='ltr'><strong><em>quibus</em></strong></span> <span class='ocrx_word' id='word_1_67' title='bbox 343 1098 436 1178; x_wconf 84' lang='lat' dir='ltr'><strong><em>uidit,</em></strong></span> <span class='ocrx_word' id='word_1_68' title='bbox 462 1107 539 1181; x_wconf 88' lang='lat' dir='ltr'><strong><em>post</em></strong></span> <span class='ocrx_word' id='word_1_69' title='bbox 566 1037 665 1182; x_wconf 68' lang='lat' dir='ltr'><strong><em>iiqeu</em></strong></span> <span class='ocrx_word' id='word_1_70' title='bbox 686 1099 887 1162; x_wconf 82' lang='lat' dir='ltr'><strong><em>Ribuariarn</em></strong></span> <span class='ocrx_word' id='word_1_71' title='bbox 916 1099 1027 1161; x_wconf 85' lang='lat' dir='ltr'><strong><em>statim</em></strong></span> <span class='ocrx_word' id='word_1_72' title='bbox 1049 1099 1141 1183; x_wconf 81' lang='lat' dir='ltr'><strong><em>sequi</em></strong></span> <span class='ocrx_word' id='word_1_73' title='bbox 1161 1097 1262 1182; x_wconf 78' lang='lat' dir='ltr'><strong><em>tepens</em></strong></span> 
     </span>
     <span class='ocr_line' id='line_1_10' title="bbox 139 1179 1263 1265; baseline -0.002 -17"><span class='ocrx_word' id='word_1_74' title='bbox 139 1183 288 1248; x_wconf 80' lang='lat' dir='ltr'><strong><em>Salicum</em></strong></span> <span class='ocrx_word' id='word_1_75' title='bbox 309 1181 522 1248; x_wconf 84' lang='lat' dir='ltr'><strong><em>emendatam.</em></strong></span> <span class='ocrx_word' id='word_1_76' title='bbox 571 1179 742 1255; x_wconf 79' lang='lat' dir='ltr'><em>Quaedam</em></span> <span class='ocrx_word' id='word_1_77' title='bbox 763 1183 860 1245; x_wconf 88' lang='lat' dir='ltr'><strong><em>etiarn</em></strong></span> <span class='ocrx_word' id='word_1_78' title='bbox 875 1179 903 1243; x_wconf 92' lang='lat' dir='ltr'><strong><em>b.</em></strong></span> <span class='ocrx_word' id='word_1_79' title='bbox 918 1204 958 1250; x_wconf 82' lang='lat' dir='ltr'><strong><em>ui.</em></strong></span> <span class='ocrx_word' id='word_1_80' title='bbox 974 1181 1068 1244; x_wconf 80' lang='lat' dir='ltr'><strong><em>Perta</em></strong></span> <span class='ocrx_word' id='word_1_81' title='bbox 1090 1181 1182 1261; x_wconf 85' lang='lat' dir='ltr'><strong><em>vidit,</em></strong></span> <span class='ocrx_word' id='word_1_82' title='bbox 1206 1184 1263 1265; x_wconf 83' lang='lat' dir='ltr'><strong><em>qui</em></strong></span> 
     </span>
     <span class='ocr_line' id='line_1_11' title="bbox 139 1263 1262 1344; baseline -0.004 -13"><span class='ocrx_word' id='word_1_83' title='bbox 139 1267 265 1331; x_wconf 79' lang='lat' dir='ltr'><strong><em>schedis</em></strong></span> <span class='ocrx_word' id='word_1_84' title='bbox 279 1267 401 1330; x_wconf 88' lang='lat' dir='ltr'><strong><em>nostris</em></strong></span> <span class='ocrx_word' id='word_1_85' title='bbox 415 1265 566 1344; x_wconf 84' lang='lat' dir='ltr'><strong><em>inseruit,</em></strong></span> <span class='ocrx_word' id='word_1_86' title='bbox 588 1264 697 1328; x_wconf 82' lang='lat' dir='ltr'><strong><em>titulos</em></strong></span> <span class='ocrx_word' id='word_1_87' title='bbox 712 1264 763 1329; x_wconf 83' lang='lat'><strong><em>87.</em></strong></span> <span class='ocrx_word' id='word_1_88' title='bbox 779 1263 829 1328; x_wconf 83' lang='lat'><strong><em>88.</em></strong></span> <span class='ocrx_word' id='word_1_89' title='bbox 845 1265 896 1328; x_wconf 89' lang='grc'><strong><em>89.</em></strong></span> <span class='ocrx_word' id='word_1_90' title='bbox 920 1264 1043 1330; x_wconf 81' lang='lat' dir='ltr'><strong><em>codicis</em></strong></span> <span class='ocrx_word' id='word_1_91' title='bbox 1064 1288 1136 1328; x_wconf 87' lang='lat' dir='ltr'><strong><em>curn</em></strong></span> <span class='ocrx_word' id='word_1_92' title='bbox 1157 1264 1262 1328; x_wconf 81' lang='lat' dir='ltr'><strong><em>titulis</em></strong></span> 
     </span>
     <span class='ocr_line' id='line_1_12' title="bbox 139 1347 1277 1427; baseline -0.004 -14"><span class='ocrx_word' id='word_1_93' title='bbox 139 1350 190 1418; x_wconf 85' lang='lat'><strong><em>83.</em></strong></span> <span class='ocrx_word' id='word_1_94' title='bbox 214 1350 265 1414; x_wconf 88' lang='lat'><strong><em>84.</em></strong></span> <span class='ocrx_word' id='word_1_95' title='bbox 288 1350 339 1414; x_wconf 84' lang='lat'><strong><em>85.</em></strong></span> <span class='ocrx_word' id='word_1_96' title='bbox 361 1348 515 1413; x_wconf 82' lang='lat' dir='ltr'><strong><em>editionis</em></strong></span> <span class='ocrx_word' id='word_1_97' title='bbox 536 1347 757 1427; x_wconf 69' lang='lat' dir='ltr'><strong><em>Baburianae,</em></strong></span> <span class='ocrx_word' id='word_1_98' title='bbox 786 1348 825 1410; x_wconf 74' lang='lat' dir='ltr'><strong><em>iet</em></strong></span> <span class='ocrx_word' id='word_1_99' title='bbox 850 1356 897 1410; x_wconf 86' lang='lat' dir='ltr'><strong><em>est</em></strong></span> <span class='ocrx_word' id='word_1_100' title='bbox 918 1371 990 1412; x_wconf 84' lang='lat' dir='ltr'><strong><em>cuns</em></strong></span> <span class='ocrx_word' id='word_1_101' title='bbox 1011 1347 1116 1413; x_wconf 76' lang='lat' dir='ltr'><strong><em>titulis</em></strong></span> <span class='ocrx_word' id='word_1_102' title='bbox 1137 1349 1188 1412; x_wconf 84' lang='lat'><strong><em>85.</em></strong></span> <span class='ocrx_word' id='word_1_103' title='bbox 1211 1348 1277 1414; x_wconf 90' lang='grc'><strong>86..</strong></span> 
     </span>
     <span class='ocr_line' id='line_1_13' title="bbox 141 1428 1262 1517; baseline -0.003 -19"><span class='ocrx_word' id='word_1_104' title='bbox 141 1433 192 1498; x_wconf 84' lang='grc'><strong>87.</strong></span> <span class='ocrx_word' id='word_1_105' title='bbox 213 1441 320 1496; x_wconf 82' lang='lat' dir='ltr'><strong><em>tentus</em></strong></span> <span class='ocrx_word' id='word_1_106' title='bbox 335 1432 367 1495; x_wconf 89' lang='grc' dir='ltr'><em>Β</em></span> <span class='ocrx_word' id='word_1_107' title='bbox 389 1454 578 1517; x_wconf 75' lang='lat' dir='ltr'><strong><em>conpruere.</em></strong></span> <span class='ocrx_word' id='word_1_108' title='bbox 625 1428 735 1506; x_wconf 79' lang='lat' dir='ltr'><strong><em>Quare</em></strong></span> <span class='ocrx_word' id='word_1_109' title='bbox 758 1431 916 1494; x_wconf 90' lang='lat' dir='ltr'><strong><em>coniicere</em></strong></span> <span class='ocrx_word' id='word_1_110' title='bbox 936 1453 1119 1515; x_wconf 84' lang='lat' dir='ltr'><strong><em>possumus,</em></strong></span> <span class='ocrx_word' id='word_1_111' title='bbox 1141 1440 1262 1496; x_wconf 80' lang='lat' dir='ltr'><strong><em>tentum</em></strong></span> 
     </span>
     <span class='ocr_line' id='line_1_14' title="bbox 140 1515 1262 1599; baseline -0.002 -20"><span class='ocrx_word' id='word_1_112' title='bbox 140 1517 168 1582; x_wconf 86' lang='lat' dir='ltr'><strong><em>le</em></strong></span> <span class='ocrx_word' id='word_1_113' title='bbox 193 1519 221 1581; x_wconf 91' lang='lat' dir='ltr'><strong><em>is</em></strong></span> <span class='ocrx_word' id='word_1_114' title='bbox 236 1515 288 1597; x_wconf 79' lang='lat'><strong><em>92,</em></strong></span> <span class='ocrx_word' id='word_1_115' title='bbox 309 1516 358 1581; x_wconf 80' lang='lat' dir='ltr'><strong><em>vel</em></strong></span> <span class='ocrx_word' id='word_1_116' title='bbox 380 1517 429 1598; x_wconf 87' lang='lat' dir='ltr'><strong><em>(si</em></strong></span> <span class='ocrx_word' id='word_1_117' title='bbox 444 1515 576 1579; x_wconf 83' lang='lat' dir='ltr'><strong><em>ultimus</em></strong></span> <span class='ocrx_word' id='word_1_118' title='bbox 590 1515 704 1579; x_wconf 84' lang='lat' dir='ltr'><strong><em>titulus</em></strong></span> <span class='ocrx_word' id='word_1_119' title='bbox 723 1537 744 1578; x_wconf 92' lang='lat' dir='ltr'><strong><em>a</em></strong></span> <span class='ocrx_word' id='word_1_120' title='bbox 755 1515 968 1598; x_wconf 77' lang='lat' dir='ltr'><strong><em>praecedenti</em></strong></span> <span class='ocrx_word' id='word_1_121' title='bbox 982 1524 1159 1599; x_wconf 83' lang='lat' dir='ltr'><strong><em>separatus</em></strong></span> <span class='ocrx_word' id='word_1_122' title='bbox 1173 1519 1262 1597; x_wconf 85' lang='lat' dir='ltr'><strong><em>erat)</em></strong></span> 
     </span>
     <span class='ocr_line' id='line_1_15' title="bbox 141 1540 1263 1684; baseline -0.003 -19"><span class='ocrx_word' id='word_1_123' title='bbox 141 1540 190 1665; x_wconf 63' lang='grc'><strong><em>99</em></strong></span> <span class='ocrx_word' id='word_1_124' title='bbox 205 1601 311 1665; x_wconf 82' lang='lat' dir='ltr'><strong><em>titulis</em></strong></span> <span class='ocrx_word' id='word_1_125' title='bbox 333 1601 474 1664; x_wconf 83' lang='lat' dir='ltr'><strong><em>diuisum</em></strong></span> <span class='ocrx_word' id='word_1_126' title='bbox 493 1599 617 1684; x_wconf 86' lang='lat' dir='ltr'><strong><em>fuisse.</em></strong></span> <span class='ocrx_word' id='word_1_127' title='bbox 663 1598 755 1673; x_wconf 88' lang='lat' dir='ltr'><strong><em>Quae</em></strong></span> <span class='ocrx_word' id='word_1_128' title='bbox 781 1595 948 1663; x_wconf 83' lang='lat' dir='ltr'><strong><em>titulorum</em></strong></span> <span class='ocrx_word' id='word_1_129' title='bbox 973 1599 1095 1663; x_wconf 82' lang='lat' dir='ltr'><strong><em>divisio</em></strong></span> <span class='ocrx_word' id='word_1_130' title='bbox 1117 1621 1190 1662; x_wconf 90' lang='lat' dir='ltr'><strong><em>curn</em></strong></span> <span class='ocrx_word' id='word_1_131' title='bbox 1211 1600 1263 1662; x_wconf 92' lang='lat' dir='ltr'><strong><em>in·</em></strong></span> 
     </span>
     <span class='ocr_line' id='line_1_16' title="bbox 143 1680 1264 1784; baseline -0.002 -35"><span class='ocrx_word' id='word_1_132' title='bbox 143 1686 212 1751; x_wconf 83' lang='lat' dir='ltr'><strong><em>dice</em></strong></span> <span class='ocrx_word' id='word_1_133' title='bbox 227 1684 350 1749; x_wconf 84' lang='lat' dir='ltr'><strong><em>codicis</em></strong></span> <span class='ocrx_word' id='word_1_134' title='bbox 365 1683 429 1747; x_wconf 90' lang='lat' dir='ltr'><strong><em>Bl</em></strong></span> <span class='ocrx_word' id='word_1_135' title='bbox 453 1684 617 1784; x_wconf 77' lang='lat' dir='ltr'><strong><em>conpruit.</em></strong></span> <span class='ocrx_word' id='word_1_136' title='bbox 660 1682 826 1747; x_wconf 81' lang='lat' dir='ltr'><strong><em>Rubricae</em></strong></span> <span class='ocrx_word' id='word_1_137' title='bbox 847 1683 953 1768; x_wconf 85' lang='lat' dir='ltr'><strong><em>ipitur</em></strong></span> <span class='ocrx_word' id='word_1_138' title='bbox 974 1680 1014 1746; x_wconf 85' lang='lat' dir='ltr'><strong><em>de</em></strong></span> <span class='ocrx_word' id='word_1_139' title='bbox 1034 1704 1151 1747; x_wconf 84' lang='lat' dir='ltr'><strong><em>aroene</em></strong></span> <span class='ocrx_word' id='word_1_140' title='bbox 1174 1681 1264 1747; x_wconf 81' lang='lat' dir='ltr'><strong><em>etde</em></strong></span> 
     </span>
     <span class='ocr_line' id='line_1_17' title="bbox 140 1765 1263 1851; baseline -0.004 -17"><span class='ocrx_word' id='word_1_141' title='bbox 140 1769 337 1834; x_wconf 82' lang='lat' dir='ltr'><strong><em>testamentis</em></strong></span> <span class='ocrx_word' id='word_1_142' title='bbox 366 1788 479 1851; x_wconf 87' lang='lat' dir='ltr'><strong><em>regum</em></strong></span> <span class='ocrx_word' id='word_1_143' title='bbox 507 1791 544 1831; x_wconf 83' lang='lat' dir='ltr'><strong><em>sn</em></strong></span> <span class='ocrx_word' id='word_1_144' title='bbox 571 1767 679 1831; x_wconf 82' lang='lat' dir='ltr'><strong><em>codice</em></strong></span> <span class='ocrx_word' id='word_1_145' title='bbox 709 1788 835 1851; x_wconf 80' lang='lat' dir='ltr'><strong><em>quoque</em></strong></span> <span class='ocrx_word' id='word_1_146' title='bbox 863 1766 1084 1851; x_wconf 63' lang='lat' dir='ltr'><strong><em>Eporediensi</em></strong></span> <span class='ocrx_word' id='word_1_147' title='bbox 1113 1765 1263 1850; x_wconf 83' lang='lat' dir='ltr'><strong><em>adfuisse</em></strong></span> 
     </span>
     <span class='ocr_line' id='line_1_18' title="bbox 140 1850 1263 1936; baseline -0.004 -18"><span class='ocrx_word' id='word_1_148' title='bbox 140 1855 302 1918; x_wconf 81' lang='lat' dir='ltr'><strong><em>uidentur.</em></strong></span> <span class='ocrx_word' id='word_1_149' title='bbox 345 1852 387 1916; x_wconf 86' lang='lat' dir='ltr'><strong><em>ln</em></strong></span> <span class='ocrx_word' id='word_1_150' title='bbox 403 1874 438 1916; x_wconf 91' lang='lat' dir='ltr'><strong><em>eo</em></strong></span> <span class='ocrx_word' id='word_1_151' title='bbox 453 1873 578 1936; x_wconf 80' lang='lat' dir='ltr'><strong><em>quoque</em></strong></span> <span class='ocrx_word' id='word_1_152' title='bbox 593 1850 680 1915; x_wconf 81' lang='lat' dir='ltr'><strong><em>sotus</em></strong></span> <span class='ocrx_word' id='word_1_153' title='bbox 695 1851 797 1914; x_wconf 81' lang='lat' dir='ltr'><strong><em>coaeae</em></strong></span> <span class='ocrx_word' id='word_1_154' title='bbox 812 1850 1047 1935; x_wconf 74' lang='lat' dir='ltr'><strong><em>Eporediensis</em></strong></span> <span class='ocrx_word' id='word_1_155' title='bbox 1067 1860 1176 1915; x_wconf 87' lang='lat' dir='ltr'><strong><em>noster</em></strong></span> <span class='ocrx_word' id='word_1_156' title='bbox 1190 1873 1263 1916; x_wconf 82' lang='lat' dir='ltr'><strong><em>curn</em></strong></span> 
     </span>
     <span class='ocr_line' id='line_1_19' title="bbox 141 1933 1261 2021; baseline -0.004 -19"><span class='ocrx_word' id='word_1_157' title='bbox 141 1939 250 2002; x_wconf 82' lang='lat' dir='ltr'><strong><em>codice</em></strong></span> <span class='ocrx_word' id='word_1_158' title='bbox 265 1936 331 1999; x_wconf 91' lang='lat' dir='ltr'><strong><em>Bl</em></strong></span> <span class='ocrx_word' id='word_1_159' title='bbox 354 1936 517 2021; x_wconf 84' lang='lat' dir='ltr'><strong><em>conpruit,</em></strong></span> <span class='ocrx_word' id='word_1_160' title='bbox 541 1934 628 2021; x_wconf 79' lang='lat' dir='ltr'><strong><em>quod</em></strong></span> <span class='ocrx_word' id='word_1_161' title='bbox 648 1934 761 2000; x_wconf 76' lang='lat' dir='ltr'><strong><em>scribit</em></strong></span> <span class='ocrx_word' id='word_1_162' title='bbox 780 1933 1010 2019; x_wconf 82' lang='lat' dir='ltr'><strong><em>Ripuariorum</em></strong></span> <span class='ocrx_word' id='word_1_163' title='bbox 1032 1941 1136 2017; x_wconf 88' lang='lat' dir='ltr'><strong><em>(nou:</em></strong></span> <span class='ocrx_word' id='word_1_164' title='bbox 1159 1934 1261 1999; x_wconf 82' lang='lat' dir='ltr'><strong><em>Bibu-</em></strong></span> 
     </span>
     <span class='ocr_line' id='line_1_20' title="bbox 143 2043 321 2085; baseline -0.017 0"><span class='ocrx_word' id='word_1_165' title='bbox 143 2043 321 2085; x_wconf 81' lang='lat' dir='ltr'><strong><em>arsorurn.</em></strong></span> 
     </span>
     <span class='ocr_line' id='line_1_21' title="bbox 226 2024 1263 2188; baseline -0.001 -22"><span class='ocrx_word' id='word_1_166' title='bbox 226 2024 450 2184; x_wconf 72' lang='lat' dir='ltr'><strong><em>21))Codeu</em></strong></span> <span class='ocrx_word' id='word_1_167' title='bbox 478 2102 775 2188; x_wconf 83' lang='lat' dir='ltr'><strong><em>Lupdunensis</em></strong></span> <span class='ocrx_word' id='word_1_168' title='bbox 805 2101 1034 2165; x_wconf 76' lang='lat' dir='ltr'><strong><em>Vossianus</em></strong></span> <span class='ocrx_word' id='word_1_169' title='bbox 1061 2103 1098 2164; x_wconf 92' lang='lat' dir='ltr'><strong><em>in</em></strong></span> <span class='ocrx_word' id='word_1_170' title='bbox 1120 2101 1166 2165; x_wconf 81' lang='lat'><strong><em>4⁰.</em></strong></span> <span class='ocrx_word' id='word_1_171' title='bbox 1192 2102 1263 2182; x_wconf 83' lang='lat'><strong><em>119,</em></strong></span> 
     </span>
     <span class='ocr_line' id='line_1_22' title="bbox 142 2183 1377 2273; baseline -0.003 -21"><span class='ocrx_word' id='word_1_172' title='bbox 142 2187 267 2253; x_wconf 86' lang='lat' dir='ltr'><strong><em>sacculi</em></strong></span> <span class='ocrx_word' id='word_1_173' title='bbox 281 2187 338 2267; x_wconf 87' lang='lat' dir='ltr'><strong><em>IX,</em></strong></span> <span class='ocrx_word' id='word_1_174' title='bbox 354 2208 448 2273; x_wconf 82' lang='lat' dir='ltr'><strong><em>quem</em></strong></span> <span class='ocrx_word' id='word_1_175' title='bbox 463 2186 569 2250; x_wconf 84' lang='lat' dir='ltr'><strong><em>deseri</em></strong></span> <span class='ocrx_word' id='word_1_176' title='bbox 594 2187 635 2248; x_wconf 90' lang='lat' dir='ltr'><strong><em>sit</em></strong></span> <span class='ocrx_word' id='word_1_177' title='bbox 655 2185 759 2248; x_wconf 80' lang='lat' dir='ltr'><strong><em>*Perta</em></strong></span> <span class='ocrx_word' id='word_1_178' title='bbox 776 2187 813 2248; x_wconf 91' lang='lat' dir='ltr'><strong><em>in</em></strong></span> <span class='ocrx_word' id='word_1_179' title='bbox 826 2185 961 2248; x_wconf 78' lang='lat' dir='ltr'><strong><em>‘Archia</em></strong></span> <span class='ocrx_word' id='word_1_180' title='bbox 977 2184 1036 2248; x_wconf 82' lang='lat' dir='ltr'><strong><em>der</em></strong></span> <span class='ocrx_word' id='word_1_181' title='bbox 1051 2183 1309 2267; x_wconf 70' lang='lat' dir='ltr'><strong><em>Geseucctcfi‘r·</em></strong></span> <span class='ocrx_word' id='word_1_182' title='bbox 1326 2191 1377 2233; x_wconf 70' lang='lat'>²⁰2·</span> 
     </span>
     <span class='ocr_line' id='line_1_23' title="bbox 131 2208 1264 2357; baseline -0.003 -22"><span class='ocrx_word' id='word_1_183' title='bbox 131 2271 199 2357; x_wconf 73' lang='lat' dir='ltr'><strong><em>fter</em></strong></span> <span class='ocrx_word' id='word_1_184' title='bbox 237 2270 334 2334; x_wconf 79' lang='lat' dir='ltr'><strong><em>c’tltere</em></strong></span> <span class='ocrx_word' id='word_1_185' title='bbox 372 2269 522 2334; x_wconf 71' lang='lat' dir='ltr'><strong><em>deutsche</em></strong></span> <span class='ocrx_word' id='word_1_186' title='bbox 556 2208 864 2332; x_wconf 50' lang='lat' dir='ltr'><strong><em>geschichtskunde</em></strong></span> <span class='ocrx_word' id='word_1_187' title='bbox 904 2268 980 2347; x_wconf 87' lang='lat' dir='ltr'><strong><em>VII,</em></strong></span> <span class='ocrx_word' id='word_1_188' title='bbox 1016 2290 1052 2350; x_wconf 85' lang='lat' dir='ltr'><strong><em>p.</em></strong></span> <span class='ocrx_word' id='word_1_189' title='bbox 1086 2267 1264 2348; x_wconf 75' lang='lat' dir='ltr'><strong><em>rot-740,</em></strong></span> 
     </span>
     <span class='ocr_line' id='line_1_24' title="bbox 133 2350 1266 2441; baseline -0.003 -23"><span class='ocrx_word' id='word_1_190' title='bbox 133 2354 366 2441; x_wconf 81' lang='lat' dir='ltr'><strong><em>frapnientuns</em></strong></span> <span class='ocrx_word' id='word_1_191' title='bbox 380 2362 509 2417; x_wconf 82' lang='lat' dir='ltr'><strong><em>tanturn</em></strong></span> <span class='ocrx_word' id='word_1_192' title='bbox 523 2350 604 2436; x_wconf 85' lang='lat' dir='ltr'><strong><em>legis</em></strong></span> <span class='ocrx_word' id='word_1_193' title='bbox 619 2350 792 2416; x_wconf 82' lang='lat' dir='ltr'><strong><em>Riboariao</em></strong></span> <span class='ocrx_word' id='word_1_194' title='bbox 810 2352 946 2432; x_wconf 84' lang='lat' dir='ltr'><strong><em>enbibet,</em></strong></span> <span class='ocrx_word' id='word_1_195' title='bbox 969 2374 990 2415; x_wconf 90' lang='lat' dir='ltr'><strong><em>a</em></strong></span> <span class='ocrx_word' id='word_1_196' title='bbox 1004 2352 1109 2416; x_wconf 87' lang='lat' dir='ltr'><strong><em>verbis</em></strong></span> <span class='ocrx_word' id='word_1_197' title='bbox 1122 2351 1211 2416; x_wconf 79' lang='lat' dir='ltr'><strong><em>tituli</em></strong></span> <span class='ocrx_word' id='word_1_198' title='bbox 1223 2352 1266 2417; x_wconf 90' lang='grc'><strong><em>60</em></strong></span> 
     </span>
     <span class='ocr_line' id='line_1_25' title="bbox 142 2435 1264 2522; baseline -0.004 -20"><span class='ocrx_word' id='word_1_199' title='bbox 142 2446 202 2522; x_wconf 96' lang='lat'><strong><em>(=</em></strong></span> <span class='ocrx_word' id='word_1_200' title='bbox 222 2447 298 2502; x_wconf 84' lang='lat' dir='ltr'><strong><em>tent.</em></strong></span> <span class='ocrx_word' id='word_1_201' title='bbox 313 2437 374 2518; x_wconf 87' lang='lat' dir='ltr'><strong><em>B),</em></strong></span> <span class='ocrx_word' id='word_1_202' title='bbox 395 2462 421 2502; x_wconf 92' lang='lat' dir='ltr'><strong><em>c.</em></strong></span> <span class='ocrx_word' id='word_1_203' title='bbox 439 2436 496 2501; x_wconf 87' lang='lat'><strong><em>18:</em></strong></span> <span class='ocrx_word' id='word_1_204' title='bbox 518 2445 610 2522; x_wconf 83' lang='lat' dir='ltr'><strong><em>spata</em></strong></span> <span class='ocrx_word' id='word_1_205' title='bbox 631 2447 664 2500; x_wconf 86' lang='lat' dir='ltr'><strong><em>st</em></strong></span> <span class='ocrx_word' id='word_1_206' title='bbox 686 2435 842 2499; x_wconf 85' lang='lat' dir='ltr'><strong><em>oonuculu</em></strong></span> <span class='ocrx_word' id='word_1_207' title='bbox 862 2457 964 2520; x_wconf 80' lang='lat' dir='ltr'><strong><em>usque</em></strong></span> <span class='ocrx_word' id='word_1_208' title='bbox 987 2435 1033 2499; x_wconf 84' lang='lat' dir='ltr'><strong><em>ad</em></strong></span> <span class='ocrx_word' id='word_1_209' title='bbox 1047 2436 1151 2518; x_wconf 82' lang='lat' dir='ltr'><strong><em>finoni</em></strong></span> <span class='ocrx_word' id='word_1_210' title='bbox 1172 2435 1264 2522; x_wconf 76' lang='lat' dir='ltr'><strong><em>lepis.</em></strong></span> 
     </span>
     <span class='ocr_line' id='line_1_26' title="bbox 145 2520 1264 2668; baseline -0.006 -79"><span class='ocrx_word' id='word_1_211' title='bbox 145 2522 253 2590; x_wconf 80' lang='lat' dir='ltr'><strong><em>Codex</em></strong></span> <span class='ocrx_word' id='word_1_212' title='bbox 274 2520 313 2584; x_wconf 88' lang='grc'><strong><em>91</em></strong></span> <span class='ocrx_word' id='word_1_213' title='bbox 337 2521 449 2586; x_wconf 84' lang='lat' dir='ltr'><strong><em>titulos</em></strong></span> <span class='ocrx_word' id='word_1_214' title='bbox 469 2530 648 2601; x_wconf 81' lang='lat' dir='ltr'><strong><em>enumerat,</em></strong></span> <span class='ocrx_word' id='word_1_215' title='bbox 674 2521 791 2606; x_wconf 83' lang='lat' dir='ltr'><strong><em>quibus</em></strong></span> <span class='ocrx_word' id='word_1_216' title='bbox 813 2520 967 2585; x_wconf 86' lang='lat' dir='ltr'><strong><em>rubricae</em></strong></span> <span class='ocrx_word' id='word_1_217' title='bbox 986 2521 1157 2668; x_wconf 46' lang='lat' dir='ltr'><strong><em>propitiae</em></strong></span> <span class='ocrx_word' id='word_1_218' title='bbox 1179 2529 1264 2584; x_wconf 88' lang='lat' dir='ltr'><strong><em>sunt.</em></strong></span> 
     </span>
     <span class='ocr_line' id='line_1_27' title="bbox 226 2602 1263 2691; baseline 0.003 -23"><span class='ocrx_word' id='word_1_219' title='bbox 226 2606 285 2686; x_wconf 89' lang='grc'><strong><em>22)</em></strong></span> <span class='ocrx_word' id='word_1_220' title='bbox 318 2604 452 2672; x_wconf 79' lang='lat' dir='ltr'><strong><em>Codeu</em></strong></span> <span class='ocrx_word' id='word_1_221' title='bbox 480 2605 614 2669; x_wconf 88' lang='lat' dir='ltr'><strong><em>Paris.</em></strong></span> <span class='ocrx_word' id='word_1_222' title='bbox 644 2604 729 2669; x_wconf 88' lang='lat' dir='ltr'><strong><em>Lat.</em></strong></span> <span class='ocrx_word' id='word_1_223' title='bbox 761 2603 896 2684; x_wconf 76' lang='grc'><strong><em>18236</em></strong></span> <span class='ocrx_word' id='word_1_224' title='bbox 925 2602 1019 2686; x_wconf 84' lang='lat' dir='ltr'><strong><em>(oiim</em></strong></span> <span class='ocrx_word' id='word_1_225' title='bbox 1045 2610 1055 2642; x_wconf 82' lang='lat'><em>‘</em></span> <span class='ocrx_word' id='word_1_226' title='bbox 1092 2626 1163 2672; x_wconf 88' lang='lat' dir='ltr'><strong><em>oua.</em></strong></span> <span class='ocrx_word' id='word_1_227' title='bbox 1194 2628 1263 2691; x_wconf 87' lang='lat' dir='ltr'><strong><em>acq.</em></strong></span> 
     </span>
     <span class='ocr_line' id='line_1_28' title="bbox 141 2687 1265 2773; baseline -0.001 -19"><span class='ocrx_word' id='word_1_228' title='bbox 141 2691 210 2756; x_wconf 70' lang='lat' dir='ltr'><strong><em>lat!</em></strong></span> <span class='ocrx_word' id='word_1_229' title='bbox 232 2689 302 2771; x_wconf 83' lang='lat'><strong><em>95),</em></strong></span> <span class='ocrx_word' id='word_1_230' title='bbox 331 2690 458 2755; x_wconf 85' lang='lat' dir='ltr'><strong><em>saeculi</em></strong></span> <span class='ocrx_word' id='word_1_231' title='bbox 479 2690 536 2770; x_wconf 86' lang='lat' dir='ltr'><strong><em>IX,</em></strong></span> <span class='ocrx_word' id='word_1_232' title='bbox 565 2712 622 2753; x_wconf 82' lang='lat' dir='ltr'><strong><em>seu</em></strong></span> <span class='ocrx_word' id='word_1_233' title='bbox 643 2697 770 2753; x_wconf 85' lang='lat' dir='ltr'><strong><em>tantum</em></strong></span> <span class='ocrx_word' id='word_1_234' title='bbox 783 2688 876 2773; x_wconf 85' lang='lat' dir='ltr'><strong><em>folia</em></strong></span> <span class='ocrx_word' id='word_1_235' title='bbox 898 2690 1050 2757; x_wconf 80' lang='lat' dir='ltr'><strong><em>continet,</em></strong></span> <span class='ocrx_word' id='word_1_236' title='bbox 1093 2687 1135 2752; x_wconf 92' lang='lat' dir='ltr'><strong><em>In</em></strong></span> <span class='ocrx_word' id='word_1_237' title='bbox 1153 2691 1265 2773; x_wconf 84' lang='lat' dir='ltr'><strong><em>primo</em></strong></span> 
     </span>
     <span class='ocr_line' id='line_1_29' title="bbox 132 2772 1266 2860; baseline -0.002 -21"><span class='ocrx_word' id='word_1_238' title='bbox 132 2774 223 2860; x_wconf 81' lang='lat' dir='ltr'><strong><em>folio</em></strong></span> <span class='ocrx_word' id='word_1_239' title='bbox 246 2773 362 2838; x_wconf 81' lang='lat' dir='ltr'><strong><em>ultirna</em></strong></span> <span class='ocrx_word' id='word_1_240' title='bbox 380 2796 466 2859; x_wconf 89' lang='lat' dir='ltr'><strong><em>pars</em></strong></span> <span class='ocrx_word' id='word_1_241' title='bbox 487 2773 516 2838; x_wconf 86' lang='lat' dir='ltr'><strong><em>te</em></strong></span> <span class='ocrx_word' id='word_1_242' title='bbox 540 2775 569 2837; x_wconf 88' lang='lat' dir='ltr'><strong><em>is</em></strong></span> <span class='ocrx_word' id='word_1_243' title='bbox 591 2773 778 2838; x_wconf 82' lang='lat' dir='ltr'><strong><em>Ribuariae</em></strong></span> <span class='ocrx_word' id='word_1_244' title='bbox 799 2773 978 2853; x_wconf 84' lang='lat' dir='ltr'><strong><em>invenitur,</em></strong></span> <span class='ocrx_word' id='word_1_245' title='bbox 1007 2772 1086 2836; x_wconf 81' lang='lat' dir='ltr'><strong><em>inde</em></strong></span> <span class='ocrx_word' id='word_1_246' title='bbox 1116 2795 1137 2835; x_wconf 94' lang='lat' dir='ltr'><strong><em>a</em></strong></span> <span class='ocrx_word' id='word_1_247' title='bbox 1159 2772 1266 2837; x_wconf 88' lang='lat' dir='ltr'><strong><em>uerbis</em></strong></span> 
     </span>
     <span class='ocr_line' id='line_1_30' title="bbox 142 2853 1265 2942; baseline -0.002 -21"><span class='ocrx_word' id='word_1_248' title='bbox 142 2856 232 2923; x_wconf 86' lang='lat' dir='ltr'><strong><em>tituli</em></strong></span> <span class='ocrx_word' id='word_1_249' title='bbox 252 2858 303 2924; x_wconf 84' lang='grc'><strong>85.</strong></span> <span class='ocrx_word' id='word_1_250' title='bbox 344 2887 387 2912; x_wconf 97' lang='lat'>=</span> <span class='ocrx_word' id='word_1_251' title='bbox 408 2866 482 2926; x_wconf 81' lang='lat' dir='ltr'><strong><em>tent.</em></strong></span> <span class='ocrx_word' id='word_1_252' title='bbox 538 2860 574 2937; x_wconf 88' lang='lat'><strong><em>):</em></strong></span> <span class='ocrx_word' id='word_1_253' title='bbox 595 2879 654 2942; x_wconf 86' lang='lat' dir='ltr'><strong><em>por</em></strong></span> <span class='ocrx_word' id='word_1_254' title='bbox 675 2877 833 2919; x_wconf 84' lang='lat' dir='ltr'><strong><em>venenum</em></strong></span> <span class='ocrx_word' id='word_1_255' title='bbox 856 2876 913 2918; x_wconf 87' lang='lat' dir='ltr'><strong><em>seu</em></strong></span> <span class='ocrx_word' id='word_1_256' title='bbox 934 2877 993 2940; x_wconf 83' lang='lat' dir='ltr'><strong><em>por</em></strong></span> <span class='ocrx_word' id='word_1_257' title='bbox 1013 2853 1146 2940; x_wconf 86' lang='lat' dir='ltr'><strong><em>aliquod</em></strong></span> <span class='ocrx_word' id='word_1_258' title='bbox 1167 2854 1265 2920; x_wconf 83' lang='lat' dir='ltr'><strong><em>male-</em></strong></span> 
     </span>
     <span class='ocr_line' id='line_1_31' title="bbox 142 2936 1268 3021; baseline -0.002 -16"><span class='ocrx_word' id='word_1_259' title='bbox 142 2942 263 3021; x_wconf 85' lang='lat' dir='ltr'><strong><em>ficium,</em></strong></span> <span class='ocrx_word' id='word_1_260' title='bbox 293 2962 333 3004; x_wconf 91' lang='lat' dir='ltr'><strong><em>us</em></strong></span> <span class='ocrx_word' id='word_1_261' title='bbox 355 2961 395 3003; x_wconf 92' lang='lat' dir='ltr'><strong><em>ue</em></strong></span> <span class='ocrx_word' id='word_1_262' title='bbox 418 2940 465 3003; x_wconf 83' lang='lat' dir='ltr'><strong><em>ad</em></strong></span> <span class='ocrx_word' id='word_1_263' title='bbox 485 2941 602 3004; x_wconf 86' lang='lat' dir='ltr'><strong><em>acrba:</em></strong></span> <span class='ocrx_word' id='word_1_264' title='bbox 630 2939 759 3003; x_wconf 87' lang='lat' dir='ltr'><strong><em>fredum</em></strong></span> <span class='ocrx_word' id='word_1_265' title='bbox 788 2949 845 3002; x_wconf 81' lang='lat' dir='ltr'><strong><em>aut</em></strong></span> <span class='ocrx_word' id='word_1_266' title='bbox 867 2940 968 3021; x_wconf 80' lang='lat' dir='ltr'><strong><em>(sict)</em></strong></span> <span class='ocrx_word' id='word_1_267' title='bbox 996 2959 1061 3001; x_wconf 91' lang='lat' dir='ltr'><strong><em>non</em></strong></span> <span class='ocrx_word' id='word_1_268' title='bbox 1087 2936 1132 3001; x_wconf 88' lang='lat' dir='ltr'><strong><em>illi</em></strong></span> <span class='ocrx_word' id='word_1_269' title='bbox 1154 2938 1268 3003; x_wconf 88' lang='lat' dir='ltr'><strong><em>iudicii</em></strong></span> 
     </span>
     <span class='ocr_line' id='line_1_32' title="bbox 144 3020 1265 3109; baseline -0.001 -20"><span class='ocrx_word' id='word_1_270' title='bbox 144 3027 248 3107; x_wconf 82' lang='lat' dir='ltr'><strong><em>(sici)</em></strong></span> <span class='ocrx_word' id='word_1_271' title='bbox 271 3026 321 3088; x_wconf 81' lang='lat' dir='ltr'><strong><em>uu</em></strong></span> <span class='ocrx_word' id='word_1_272' title='bbox 345 3025 359 3087; x_wconf 95' lang='lat' dir='ltr'><strong><em>i</em></strong></span> <span class='ocrx_word' id='word_1_273' title='bbox 380 3022 431 3086; x_wconf 90' lang='grc'><strong><em>91.</em></strong></span> <span class='ocrx_word' id='word_1_274' title='bbox 477 3024 595 3087; x_wconf 81' lang='lat' dir='ltr'><strong><em>Teutas</em></strong></span> <span class='ocrx_word' id='word_1_275' title='bbox 616 3020 699 3109; x_wconf 80' lang='lat' dir='ltr'><strong><em>lepis</em></strong></span> <span class='ocrx_word' id='word_1_276' title='bbox 721 3024 760 3085; x_wconf 92' lang='grc'><strong><em>91</em></strong></span> <span class='ocrx_word' id='word_1_277' title='bbox 784 3021 889 3086; x_wconf 83' lang='lat' dir='ltr'><strong><em>titulis</em></strong></span> <span class='ocrx_word' id='word_1_278' title='bbox 912 3022 1040 3085; x_wconf 83' lang='lat' dir='ltr'><strong><em>diuisus</em></strong></span> <span class='ocrx_word' id='word_1_279' title='bbox 1062 3032 1141 3086; x_wconf 91' lang='lat' dir='ltr'><strong><em>erat.</em></strong></span> <span class='ocrx_word' id='word_1_280' title='bbox 1187 3021 1265 3088; x_wconf 81' lang='lat' dir='ltr'><strong><em>Sin·</em></strong></span> 
     </span>
     <span class='ocr_line' id='line_1_33' title="bbox 143 3105 1266 3196; baseline -0.002 -23"><span class='ocrx_word' id='word_1_281' title='bbox 143 3108 231 3196; x_wconf 78' lang='lat' dir='ltr'><strong><em>pulis</em></strong></span> <span class='ocrx_word' id='word_1_282' title='bbox 258 3107 364 3172; x_wconf 85' lang='lat' dir='ltr'><strong><em>titulis</em></strong></span> <span class='ocrx_word' id='word_1_283' title='bbox 392 3109 523 3171; x_wconf 86' lang='lat' dir='ltr'><strong><em>numeri</em></strong></span> <span class='ocrx_word' id='word_1_284' title='bbox 545 3116 641 3192; x_wconf 80' lang='lat' dir='ltr'><strong><em>atque</em></strong></span> <span class='ocrx_word' id='word_1_285' title='bbox 663 3107 816 3171; x_wconf 90' lang='lat' dir='ltr'><strong><em>rubricae</em></strong></span> <span class='ocrx_word' id='word_1_286' title='bbox 835 3107 1078 3192; x_wconf 64' lang='lat' dir='ltr'><strong><em>praefiguntur.</em></strong></span> <span class='ocrx_word' id='word_1_287' title='bbox 1122 3105 1266 3192; x_wconf 82' lang='lat' dir='ltr'><strong><em>Reliqua</em></strong></span> 
     </span>
     <span class='ocr_line' id='line_1_34' title="bbox 144 3190 1266 3360; baseline 0 -21"><span class='ocrx_word' id='word_1_288' title='bbox 144 3196 288 3358; x_wconf 51' lang='lat' dir='ltr'><strong><em>quintii</em></strong></span> <span class='ocrx_word' id='word_1_289' title='bbox 299 3192 394 3342; x_wconf 69' lang='lat' dir='ltr'><strong><em>tit</em></strong></span> <span class='ocrx_word' id='word_1_290' title='bbox 400 3200 553 3340; x_wconf 56' lang='lat' dir='ltr'><strong><em>tabit</em></strong></span> <span class='ocrx_word' id='word_1_291' title='bbox 561 3190 647 3339; x_wconf 69' lang='lat' dir='ltr'><strong><em>itt</em></strong></span> <span class='ocrx_word' id='word_1_292' title='bbox 653 3191 1149 3360; x_wconf 64' lang='lat' dir='ltr'><strong><em>trististristis</em></strong></span> <span class='ocrx_word' id='word_1_293' title='bbox 1172 3271 1266 3357; x_wconf 69' lang='lat' dir='ltr'><strong><em>(ocu</em></strong></span> 
     </span>
     <span class='ocr_line' id='line_1_35' title="bbox 144 3358 1267 3447; baseline -0.007 -20"><span class='ocrx_word' id='word_1_294' title='bbox 144 3361 170 3427; x_wconf 78' lang='grc'><strong>8</strong></span> <span class='ocrx_word' id='word_1_295' title='bbox 211 3359 486 3447; x_wconf 76' lang='lat' dir='ltr'><strong><em>aupenberp),</em></strong></span> <span class='ocrx_word' id='word_1_296' title='bbox 516 3358 643 3424; x_wconf 82' lang='lat' dir='ltr'><strong><em>saecuti</em></strong></span> <span class='ocrx_word' id='word_1_297' title='bbox 664 3360 703 3423; x_wconf 90' lang='lat' dir='ltr'><strong><em>X.</em></strong></span> <span class='ocrx_word' id='word_1_298' title='bbox 732 3358 781 3422; x_wconf 86' lang='lat' dir='ltr'><strong><em>uel</em></strong></span> <span class='ocrx_word' id='word_1_299' title='bbox 810 3358 868 3438; x_wconf 90' lang='lat' dir='ltr'><strong><em>XI,</em></strong></span> <span class='ocrx_word' id='word_1_300' title='bbox 899 3380 992 3444; x_wconf 80' lang='lat' dir='ltr'><strong><em>quern</em></strong></span> <span class='ocrx_word' id='word_1_301' title='bbox 1021 3359 1267 3444; x_wconf 84' lang='lat' dir='ltr'><strong><em>descripserunt</em></strong></span> 
     </span>
    </p>
   </div>
   <div class='ocr_carea' id='block_1_3' title="bbox 177 3442 1266 3593">
    <p class='ocr_par' dir='ltr' id='par_1_3' title="bbox 177 3442 1266 3593">
     <span class='ocr_line' id='line_1_36' title="bbox 177 3442 1266 3593; baseline -0.004 -85"><span class='ocrx_word' id='word_1_302' title='bbox 177 3495 183 3508; x_wconf 95' lang='lat'><em>.</em></span> <span class='ocrx_word' id='word_1_303' title='bbox 221 3444 459 3593; x_wconf 51' lang='lat' dir='ltr'><strong><em>epanpenberp,</em></strong></span> <span class='ocrx_word' id='word_1_304' title='bbox 488 3444 733 3592; x_wconf 51' lang='lat' dir='ltr'><strong><em>‘Beptpgtpe-zu</em></strong></span> <span class='ocrx_word' id='word_1_305' title='bbox 763 3443 827 3507; x_wconf 83' lang='lat' dir='ltr'><strong><em>den</em></strong></span> <span class='ocrx_word' id='word_1_306' title='bbox 856 3443 1018 3507; x_wconf 83' lang='lat' dir='ltr'><strong><em>teutscben</em></strong></span> <span class='ocrx_word' id='word_1_307' title='bbox 1040 3443 1182 3506; x_wconf 83' lang='lat' dir='ltr'><strong><em>Recbten</em></strong></span> <span class='ocrx_word' id='word_1_308' title='bbox 1210 3442 1266 3505; x_wconf 82' lang='lat' dir='ltr'><strong><em>des</em></strong></span> 
     </span>
    </p>
   </div>
   <div class='ocr_carea' id='block_1_4' title="bbox 144 3525 1268 4369">
    <p class='ocr_par' dir='ltr' id='par_1_4' title="bbox 144 3525 1268 4099">
     <span class='ocr_line' id='line_1_37' title="bbox 145 3525 1266 3612; baseline -0.004 -20"><span class='ocrx_word' id='word_1_309' title='bbox 145 3530 220 3592; x_wconf 88' lang='lat' dir='ltr'><strong><em>Mitt</em></strong></span> <span class='ocrx_word' id='word_1_310' title='bbox 250 3528 357 3593; x_wconf 82' lang='lat' dir='ltr'><strong><em>atters&#39;</em></strong></span> <span class='ocrx_word' id='word_1_311' title='bbox 380 3530 415 3610; x_wconf 90' lang='lat'><strong><em>(1</em></strong></span> <span class='ocrx_word' id='word_1_312' title='bbox 441 3528 499 3608; x_wconf 94' lang='grc'><strong><em>22)</em></strong></span> <span class='ocrx_word' id='word_1_313' title='bbox 520 3551 556 3612; x_wconf 86' lang='lat' dir='ltr'><strong><em>p.</em></strong></span> <span class='ocrx_word' id='word_1_314' title='bbox 686 3528 757 3605; x_wconf 90' lang='grc'><strong>191,</strong></span> <span class='ocrx_word' id='word_1_315' title='bbox 781 3525 820 3590; x_wconf 75' lang='lat' dir='ltr'><strong><em>G.</em></strong></span> <span class='ocrx_word' id='word_1_316' title='bbox 838 3526 997 3607; x_wconf 76' lang='lat' dir='ltr'><strong><em>HPcrtz,</em></strong></span> <span class='ocrx_word' id='word_1_317' title='bbox 1019 3527 1137 3590; x_wconf 80' lang='lat' dir='ltr'><strong><em>‘Ueber</em></strong></span> <span class='ocrx_word' id='word_1_318' title='bbox 1158 3527 1266 3610; x_wconf 77' lang='lat' dir='ltr'><strong><em>cinips</em></strong></span> 
     </span>
     <span class='ocr_line' id='line_1_38' title="bbox 145 3609 1265 3696; baseline -0.003 -20"><span class='ocrx_word' id='word_1_319' title='bbox 145 3611 410 3696; x_wconf 83' lang='lat' dir='ltr'><strong><em>Handscbrifteu</em></strong></span> <span class='ocrx_word' id='word_1_320' title='bbox 439 3612 621 3677; x_wconf 83' lang='lat' dir='ltr'><strong><em>Deutscber</em></strong></span> <span class='ocrx_word' id='word_1_321' title='bbox 648 3611 785 3676; x_wconf 78' lang='lat' dir='ltr'><strong><em>Rechts·</em></strong></span> <span class='ocrx_word' id='word_1_322' title='bbox 814 3612 884 3675; x_wconf 80' lang='lat' dir='ltr'><strong><em>unci</em></strong></span> <span class='ocrx_word' id='word_1_323' title='bbox 915 3609 1153 3691; x_wconf 76' lang='lat' dir='ltr'><strong><em>Geretzbitcbcr,</em></strong></span> <span class='ocrx_word' id='word_1_324' title='bbox 1182 3610 1265 3679; x_wconf 86' lang='lat' dir='ltr'><strong><em>Abb.</em></strong></span> 
     </span>
     <span class='ocr_line' id='line_1_39' title="bbox 145 3693 1266 3783; baseline -0.003 -23"><span class='ocrx_word' id='word_1_325' title='bbox 145 3697 177 3760; x_wconf 82' lang='lat' dir='ltr'><strong><em>d.</em></strong></span> <span class='ocrx_word' id='word_1_326' title='bbox 205 3693 294 3759; x_wconf 80' lang='lat' dir='ltr'><strong><em>Bari.</em></strong></span> <span class='ocrx_word' id='word_1_327' title='bbox 324 3695 443 3759; x_wconf 72' lang='lat' dir='ltr'><strong><em>Atat!</em></strong></span> <span class='ocrx_word' id='word_1_328' title='bbox 474 3696 566 3778; x_wconf 84' lang='lat'>1857,</span> <span class='ocrx_word' id='word_1_329' title='bbox 590 3721 628 3783; x_wconf 89' lang='lat' dir='ltr'><strong><em>p.</em></strong></span> <span class='ocrx_word' id='word_1_330' title='bbox 651 3696 692 3760; x_wconf 89' lang='lat'><strong><em>88</em></strong></span> <span class='ocrx_word' id='word_1_331' title='bbox 714 3717 792 3779; x_wconf 64' lang='lat' dir='ltr'><strong><em>sqq„</em></strong></span> <span class='ocrx_word' id='word_1_332' title='bbox 823 3695 984 3779; x_wconf 84' lang='lat' dir='ltr'><strong><em>quaedam</em></strong></span> <span class='ocrx_word' id='word_1_333' title='bbox 1012 3702 1140 3758; x_wconf 87' lang='lat' dir='ltr'><strong><em>tanturn</em></strong></span> <span class='ocrx_word' id='word_1_334' title='bbox 1169 3694 1266 3758; x_wconf 87' lang='lat' dir='ltr'><strong><em>verba</em></strong></span> 
     </span>
     <span class='ocr_line' id='line_1_40' title="bbox 144 3776 1266 3866; baseline 0 -24"><span class='ocrx_word' id='word_1_335' title='bbox 144 3779 227 3866; x_wconf 75' lang='lat' dir='ltr'><strong><em>lepis</em></strong></span> <span class='ocrx_word' id='word_1_336' title='bbox 249 3778 435 3843; x_wconf 81' lang='lat' dir='ltr'><strong><em>Ribuariae</em></strong></span> <span class='ocrx_word' id='word_1_337' title='bbox 456 3780 591 3844; x_wconf 84' lang='lat' dir='ltr'><strong><em>eubibet.</em></strong></span> <span class='ocrx_word' id='word_1_338' title='bbox 635 3781 761 3863; x_wconf 76' lang='lat' dir='ltr'><strong><em>Incipit</em></strong></span> <span class='ocrx_word' id='word_1_339' title='bbox 790 3778 891 3844; x_wconf 83' lang='lat' dir='ltr'><strong><em>codeu</em></strong></span> <span class='ocrx_word' id='word_1_340' title='bbox 920 3777 1070 3842; x_wconf 85' lang='lat' dir='ltr'><strong><em>acerbis</em></strong></span> <span class='ocrx_word' id='word_1_341' title='bbox 1098 3776 1187 3842; x_wconf 84' lang='lat' dir='ltr'><strong><em>tituli</em></strong></span> <span class='ocrx_word' id='word_1_342' title='bbox 1207 3778 1266 3842; x_wconf 78' lang='grc' dir='ltr'><strong><em>9οε</em></strong></span> 
     </span>
     <span class='ocr_line' id='line_1_41' title="bbox 145 3861 1266 3948; baseline -0.003 -20"><span class='ocrx_word' id='word_1_343' title='bbox 145 3863 185 3928; x_wconf 82' lang='lat' dir='ltr'><strong><em>do</em></strong></span> <span class='ocrx_word' id='word_1_344' title='bbox 206 3863 275 3926; x_wconf 81' lang='lat' dir='ltr'><strong><em>vita</em></strong></span> <span class='ocrx_word' id='word_1_345' title='bbox 297 3873 480 3948; x_wconf 84' lang='lat' dir='ltr'><strong><em>componat,</em></strong></span> <span class='ocrx_word' id='word_1_346' title='bbox 509 3873 576 3927; x_wconf 88' lang='lat' dir='ltr'><strong><em>turn</em></strong></span> <span class='ocrx_word' id='word_1_347' title='bbox 607 3863 723 3927; x_wconf 85' lang='lat' dir='ltr'><strong><em>titulus</em></strong></span> <span class='ocrx_word' id='word_1_348' title='bbox 750 3863 802 3928; x_wconf 92' lang='grc'><strong><em>91.</em></strong></span> <span class='ocrx_word' id='word_1_349' title='bbox 832 3869 891 3945; x_wconf 93' lang='lat'><strong><em>(=</em></strong></span> <span class='ocrx_word' id='word_1_350' title='bbox 911 3870 987 3925; x_wconf 84' lang='lat' dir='ltr'><strong><em>tent.</em></strong></span> <span class='ocrx_word' id='word_1_351' title='bbox 1009 3861 1059 3942; x_wconf 91' lang='lat' dir='ltr'><strong><em>B)</em></strong></span> <span class='ocrx_word' id='word_1_352' title='bbox 1088 3862 1266 3942; x_wconf 82' lang='lat' dir='ltr'><strong><em>ecbibetur,</em></strong></span> 
     </span>
     <span class='ocr_line' id='line_1_42' title="bbox 145 3944 1268 4095; baseline -0.003 -83"><span class='ocrx_word' id='word_1_353' title='bbox 145 3948 573 4095; x_wconf 50' lang='lat' dir='ltr'><strong><em>puemdbaecwsepuunturp</em></strong></span> <span class='ocrx_word' id='word_1_354' title='bbox 595 3944 817 4095; x_wconf 51' lang='lat' dir='ltr'><strong><em>Explicitngp</em></strong></span> <span class='ocrx_word' id='word_1_355' title='bbox 841 3944 1081 4092; x_wconf 57' lang='lat' dir='ltr'><strong><em>{tibiltariorum</em></strong></span> <span class='ocrx_word' id='word_1_356' title='bbox 1124 3945 1268 4031; x_wconf 82' lang='lat' dir='ltr'><strong><em>Reliqua</em></strong></span> 
     </span>
     <span class='ocr_line' id='line_1_43' title="bbox 144 4053 940 4099; baseline 0 -2"><span class='ocrx_word' id='word_1_357' title='bbox 144 4055 182 4098; x_wconf 84' lang='lat' dir='ltr'><strong><em>cn</em></strong></span> <span class='ocrx_word' id='word_1_358' title='bbox 204 4054 240 4096; x_wconf 90' lang='lat' dir='ltr'><strong><em>co</em></strong></span> <span class='ocrx_word' id='word_1_359' title='bbox 266 4054 313 4096; x_wconf 86' lang='lat' dir='ltr'><strong><em>sce</em></strong></span> <span class='ocrx_word' id='word_1_360' title='bbox 399 4053 616 4095; x_wconf 78' lang='lat' dir='ltr'><strong><em>inueniunur</em></strong></span> <span class='ocrx_word' id='word_1_361' title='bbox 647 4055 708 4094; x_wconf 91' lang='lat' dir='ltr'><strong><em>cr.</em></strong></span> <span class='ocrx_word' id='word_1_362' title='bbox 806 4053 823 4093; x_wconf 80' lang='lat' dir='ltr'><strong><em>c</em></strong></span> <span class='ocrx_word' id='word_1_363' title='bbox 858 4054 940 4099; x_wconf 82' lang='lat' dir='ltr'><strong><em>.ce‚</em></strong></span> 
     </span>
    </p>

    <p class='ocr_par' dir='ltr' id='par_1_5' title="bbox 147 4031 1266 4283">
     <span class='ocr_line' id='line_1_44' title="bbox 229 4031 1266 4200; baseline 0 -22"><span class='ocrx_word' id='word_1_364' title='bbox 229 4115 288 4197; x_wconf 86' lang='grc'><strong><em>24)</em></strong></span> <span class='ocrx_word' id='word_1_365' title='bbox 312 4114 511 4180; x_wconf 81' lang='lat' dir='ltr'><strong><em>Sicbardi</em></strong></span> <span class='ocrx_word' id='word_1_366' title='bbox 533 4031 866 4200; x_wconf 41' lang='lat' dir='ltr'><strong><em>quoq&#39;uefHeroldi</em></strong></span> <span class='ocrx_word' id='word_1_367' title='bbox 886 4123 915 4177; x_wconf 90' lang='lat' dir='ltr'><strong><em>et</em></strong></span> <span class='ocrx_word' id='word_1_368' title='bbox 932 4115 1036 4180; x_wconf 85' lang='lat' dir='ltr'><strong><em>Titii</em></strong></span> <span class='ocrx_word' id='word_1_369' title='bbox 1058 4123 1154 4199; x_wconf 81' lang='lat' dir='ltr'><strong><em>atquc</em></strong></span> <span class='ocrx_word' id='word_1_370' title='bbox 1175 4113 1266 4178; x_wconf 88' lang='lat' dir='ltr'><strong><em>Lin-</em></strong></span> 
     </span>
     <span class='ocr_line' id='line_1_45' title="bbox 147 4197 1020 4283; baseline -0.001 -20"><span class='ocrx_word' id='word_1_371' title='bbox 147 4200 298 4264; x_wconf 85' lang='lat' dir='ltr'><strong><em>deubro</em></strong></span> <span class='ocrx_word' id='word_1_372' title='bbox 332 4199 367 4263; x_wconf 85' lang='lat' dir='ltr'><strong><em>ii</em></strong></span> <span class='ocrx_word' id='word_1_373' title='bbox 387 4199 545 4264; x_wconf 83' lang='lat' dir='ltr'><strong><em>editiones</em></strong></span> <span class='ocrx_word' id='word_1_374' title='bbox 567 4197 784 4263; x_wconf 79' lang='lat' dir='ltr'><strong><em>consulendas</em></strong></span> <span class='ocrx_word' id='word_1_375' title='bbox 806 4220 873 4263; x_wconf 88' lang='lat' dir='ltr'><strong><em>esse</em></strong></span> <span class='ocrx_word' id='word_1_376' title='bbox 889 4201 1020 4283; x_wconf 87' lang='lat' dir='ltr'><strong><em>putaui.</em></strong></span> 
     </span>
    </p>

    <p class='ocr_par' dir='ltr' id='par_1_6' title="bbox 231 4222 1266 4369">
     <span class='ocr_line' id='line_1_46' title="bbox 231 4222 1266 4369; baseline -0.003 -21"><span class='ocrx_word' id='word_1_377' title='bbox 231 4222 467 4348; x_wconf 64' lang='lat' dir='ltr'><strong><em>Siciardus</em></strong></span> <span class='ocrx_word' id='word_1_378' title='bbox 496 4286 533 4348; x_wconf 89' lang='lat' dir='ltr'><strong><em>in</em></strong></span> <span class='ocrx_word' id='word_1_379' title='bbox 558 4282 673 4364; x_wconf 84' lang='lat' dir='ltr'><strong><em>libello,</em></strong></span> <span class='ocrx_word' id='word_1_380' title='bbox 704 4303 796 4368; x_wconf 82' lang='lat' dir='ltr'><strong><em>quem</em></strong></span> <span class='ocrx_word' id='word_1_381' title='bbox 822 4284 1011 4367; x_wconf 80' lang='lat' dir='ltr'><strong><em>inscripsit:</em></strong></span> <span class='ocrx_word' id='word_1_382' title='bbox 1038 4282 1139 4369; x_wconf 76' lang='lat' dir='ltr'><strong><em>Lepos</em></strong></span> <span class='ocrx_word' id='word_1_383' title='bbox 1168 4280 1266 4345; x_wconf 84' lang='lat' dir='ltr'><strong><em>Ribo·</em></strong></span> 
     </span>
    </p>
   </div>
   <div class='ocr_carea' id='block_1_5' title="bbox 0 0 1491 4944">
    <p class='ocr_par' dir='ltr' id='par_1_7' title="bbox 0 0 1491 4944">
     <span class='ocr_line' id='line_1_47' title="bbox 0 0 1491 4944; baseline 0 0"><span class='ocrx_word' id='word_1_384' title='bbox 0 0 1491 4944; x_wconf 95' lang='lat' dir='ltr'><strong><em> </em></strong></span> 
     </span>
    </p>
   </div>
  </div>
 </body>
</html>
