2956 4944
667 321 742 377 tex
762 317 949 377 atuuxatt.

712 514 856 569 acono.
878 495 915 568 Α.

778 616 833 688 lV.

331 736 369 811 Si
398 735 483 835 quis
511 736 699 834 ingenuus
727 733 845 808 altero
864 731 1187 830 transpuncxerit,
1209 744 1275 806 aut
1295 732 1399 808 infra

231 849 356 913 costas
381 835 609 935 placaverit,
639 839 686 910 36
712 835 856 909 solidos
877 832 1079 932 culpabilis
1099 833 1309 928 iudicetur,
1329 846 1399 908 aut

231 963 315 1011 cum
336 964 402 1013 sex
421 936 520 1010 iurit.

129 1081 150 1123 ρ.
167 1063 218 1114 ur.
784 1037 825 1106 V.

332 1163 363 1229 1.
392 1155 431 1230 Si
458 1154 542 1252 quis
568 1155 756 1252 ingenuus
784 1155 994 1253 ingenuum
1020 1153 1231 1227 auriculam
1259 1177 1394 1227 excus-

230 1257 337 1353 serit,
356 1267 397 1330 ut
416 1257 545 1329 audire
564 1282 639 1329 non
659 1257 799 1354 possit,
822 1259 893 1329 100
911 1254 1054 1328 solidos
1076 1253 1276 1352 culpabilis
1296 1253 1393 1327 iudi-

231 1369 346 1432 cetur.
383 1357 421 1432 Si
441 1369 568 1431 autern
588 1357 719 1431 audire
737 1381 813 1429 non
834 1355 1053 1454 perdiderit,
1072 1359 1122 1431 50
1143 1354 1287 1428 solidos
1314 1355 1392 1427 cul·

232 1459 366 1560 pabilis
387 1458 582 1532 iudicetur.

331 1564 365 1635 2.
400 1558 441 1632 Si
469 1583 601 1634 nasum
628 1556 860 1651 excusserit,
888 1567 929 1630 ut
953 1580 1130 1630 muccare
1157 1580 1230 1628 non
1254 1556 1390 1653 possit,

233 1665 304 1735 100
340 1661 484 1734 solidos
519 1658 717 1757 culpabilis
747 1657 941 1731 iudicetur.
1007 1657 1046 1731 Si
1074 1680 1251 1730 muccare
1280 1682 1391 1755 prae·

229 1761 334 1856 valit,
353 1764 403 1835 50
421 1759 565 1834 solidos
586 1759 784 1856 culpabilis
804 1758 1002 1832 iudicetur.

335 1931 365 1993 Si
375 1859 647 2012 hildisdllugeiuitisc
666 1864 807 2014 iiigudddi)
818 1862 947 1993 ‘exiiiidm
971 1929 1159 2001 excusserit,
1185 1935 1220 1989 ut
1245 1947 1389 1992 muccum

334 2015 472 2077 retinere
491 2035 554 2076 non
575 2014 689 2097 possit,
712 2017 752 2080 50
768 2014 887 2076 solidos
911 2013 1073 2094 culpabilis
1095 2013 1259 2075 iudicetur.
1302 2014 1342 2076 Et
1364 2018 1391 2076 si

336 2118 477 2161 muccum
501 2099 638 2160 retinere
660 2099 785 2180 poterit,
808 2102 848 2164 25
864 2097 985 2161 solidos
1008 2096 1170 2179 culpabilis
1191 2096 1357 2160 iudicetur.

332 2189 365 2258 3.
393 2186 431 2260 Si
454 2186 536 2284 quis
556 2187 744 2285 ingenuus
764 2185 969 2283 ingenuum
989 2185 1141 2258 oculum
1165 2185 1390 2281 excusserit,

233 2290 304 2360 100
322 2286 466 2362 solidos
494 2287 691 2386 culpabilis
711 2287 908 2360 iudicetur.
945 2286 983 2359 Si
1006 2286 1128 2358 visum
1155 2284 1191 2357 in
1212 2285 1390 2358 occulum

229 2387 423 2561 lillictgitll'
451 2401 489 2461 et
507 2389 636 2461 videre
661 2414 735 2461 non
757 2398 918 2486 poterat,
944 2391 994 2462 50
1016 2387 1158 2460 solidos
1186 2387 1389 2485 culpabilis

719 2715 740 2767 a
758 2713 859 2768 cono.
876 2696 918 2768 Β.

781 2813 832 2875 lV.

691 2919 745 2978 De
767 2927 925 2998 puncto.

335 3019 365 3082 Si
396 3019 464 3101 quis
492 3020 645 3104 ingenuus
668 3020 799 3082 alterum
831 3020 1075 3103 transpunxerit,
1105 3028 1159 3082 aut
1180 3022 1262 3084 intra
1285 3030 1390 3084 costas

231 3103 415 3184 plagaverit,
436 3107 477 3169 30
500 3104 608 3165 solidis
632 3104 794 3186 culpabilis
816 3106 978 3178 iudicetur,
1001 3113 1055 3165 aut
1078 3124 1146 3165 cum
1170 3109 1189 3169 6
1212 3106 1304 3168 iuret.

127 3229 216 3290 uait.
791 3225 828 3284 V.

620 3325 671 3385 De
693 3324 1001 3386 debilitatibus.

337 3429 364 3491 1.
386 3425 417 3486 Si
434 3425 502 3507 quis
518 3426 670 3507 ingenuus
686 3427 821 3508 ingenuo
837 3424 1007 3486 auriculam
1025 3423 1207 3496 excusserit,
1230 3431 1263 3484 ut
1278 3424 1391 3484 audire

230 3530 292 3571 non
320 3510 429 3592 possit,
461 3513 521 3576 100
543 3509 651 3572 solidis
674 3508 836 3590 culpabilis
858 3508 1022 3593 iudicetur.
1066 3507 1096 3568 Si
1120 3516 1224 3569 autem
1248 3507 1390 3568 auditum

229 3614 293 3656 non
315 3594 496 3675 perdiderit,
520 3598 561 3659 50
583 3593 692 3654 solidis
714 3598 875 3673 conponat

335 3683 364 3744 2.
394 3678 424 3739 Si
447 3698 559 3740 nasum
582 3676 761 3750 excusserit,
785 3683 818 3736 ut
833 3695 977 3736 muccare
993 3695 1055 3737 non
1071 3676 1181 3756 possit,
1209 3679 1265 3741 100
1281 3675 1391 3737 solidis

231 3761 393 3842 culpabilis
407 3762 571 3823 iudicetur.
609 3761 639 3823 Si
655 3779 799 3822 muccare
815 3761 986 3840 praevalet,
1003 3764 1044 3827 50
1059 3761 1167 3823 solidis
1183 3766 1392 3843 conponatur.

335 3849 364 3912 3.
391 3846 422 3906 Si
443 3846 511 3927 quis
532 3846 684 3927 ingenuus
704 3845 838 3927 ingenuo
854 3844 978 3906 oculum
1001 3846 1182 3921 excusserit,
1207 3849 1266 3911 100
1281 3843 1392 3905 solidis

230 3927 394 4009 culpabilis
423 3930 585 3992 iudicetur.
630 3930 661 3992 Si
690 3928 776 3990 visus
805 3929 837 3990 in
860 3929 951 3991 oculo
975 3929 1134 4003 restiterit,
1164 3929 1207 3992 ita
1228 3936 1263 3990 ut
1284 3929 1392 3989 videre

231 4021 315 4073 nout
337 4013 446 4094 possit,
469 4018 510 4082 50
532 4014 639 4077 solidis
662 4013 823 4095 culpabilis
846 4013 1008 4076 iudicetur.

231 4196 255 4266 a)
275 4216 330 4252 non
349 4204 470 4255 inserunt
491 4200 634 4257 1.1-10.
656 4201 699 4257 12.
720 4202 798 4269 Her.;
823 4204 898 4257 deest
916 4201 942 4256 2.
962 4200 989 4255 3.
1011 4199 1053 4255 11.
1076 4198 1191 4252 13-17,
1214 4198 1256 4254 to.
1276 4204 1302 4254 et
1320 4200 1393 4267 opud

230 4272 302 4327 sict.
324 4273 368 4328 ru.
387 4275 463 4328 Lind.
