<?xml version="1.0" encoding="UTF-8"?>
<!DOCTYPE html PUBLIC "-//W3C//DTD XHTML 1.0 Transitional//EN"
    "http://www.w3.org/TR/xhtml1/DTD/xhtml1-transitional.dtd">
<html xmlns="http://www.w3.org/1999/xhtml" xml:lang="en" lang="en">
 <head>
  <title>
</title>
<meta http-equiv="Content-Type" content="text/html;charset=utf-8" />
  <meta name='ocr-system' content='tesseract 3.04.00' />
  <meta name='ocr-capabilities' content='ocr_page ocr_carea ocr_par ocr_line ocrx_word'/>
</head>
<body>
  <div class='ocr_page' id='page_1' title='image "./fontesiurisgerm02unkngoog_0114.png"; bbox 0 0 2956 4944; ppageno 0'>
   <div class='ocr_carea' id='block_1_1' title="bbox 581 307 1280 372">
    <p class='ocr_par' dir='ltr' id='par_1_1' title="bbox 581 307 1280 372">
     <span class='ocr_line' id='line_1_1' title="bbox 581 307 1280 372; baseline 0.004 -8"><span class='ocrx_word' id='word_1_1' title='bbox 581 309 658 365; x_wconf 88' lang='lat' dir='ltr'><strong>LEX</strong></span> <span class='ocrx_word' id='word_1_2' title='bbox 678 307 864 367; x_wconf 79' lang='lat' dir='ltr'><strong>RlBUARlA.</strong></span> <span class='ocrx_word' id='word_1_3' title='bbox 1136 364 1140 372; x_wconf 94' lang='grc'>,</span> <span class='ocrx_word' id='word_1_4' title='bbox 1228 314 1280 368; x_wconf 89' lang='grc'><strong>109</strong></span> 
     </span>
    </p>
   </div>
   <div class='ocr_carea' id='block_1_2' title="bbox 127 483 1279 905">
    <p class='ocr_par' dir='ltr' id='par_1_2' title="bbox 127 483 1279 735">
     <span class='ocr_line' id='line_1_2' title="bbox 129 483 1279 567; baseline 0 -19"><span class='ocrx_word' id='word_1_5' title='bbox 129 505 224 567; x_wconf 90' lang='lat' dir='ltr'><strong>super</strong></span> <span class='ocrx_word' id='word_1_6' title='bbox 247 483 453 566; x_wconf 84' lang='lat' dir='ltr'><strong>quadraginta</strong></span> <span class='ocrx_word' id='word_1_7' title='bbox 482 483 571 545; x_wconf 90' lang='lat' dir='ltr'><strong>duas.</strong></span> <span class='ocrx_word' id='word_1_8' title='bbox 617 483 762 544; x_wconf 78' lang='lat' dir='ltr'><strong>Similiter</strong></span> <span class='ocrx_word' id='word_1_9' title='bbox 786 494 816 545; x_wconf 94' lang='lat' dir='ltr'><strong>et</strong></span> <span class='ocrx_word' id='word_1_10' title='bbox 839 486 877 545; x_wconf 93' lang='lat' dir='ltr'><strong>de</strong></span> <span class='ocrx_word' id='word_1_11' title='bbox 900 485 1048 547; x_wconf 89' lang='lat' dir='ltr'><strong>benefitio</strong></span> <span class='ocrx_word' id='word_1_12' title='bbox 1078 485 1225 561; x_wconf 90' lang='lat' dir='ltr'><strong>hominis,</strong></span> <span class='ocrx_word' id='word_1_13' title='bbox 1253 488 1279 548; x_wconf 92' lang='lat' dir='ltr'><strong>si</strong></span> 
     </span>
     <span class='ocr_line' id='line_1_3' title="bbox 127 567 1279 652; baseline 0.001 -21"><span class='ocrx_word' id='word_1_14' title='bbox 127 573 208 632; x_wconf 83' lang='lat' dir='ltr'><strong>forte</strong></span> <span class='ocrx_word' id='word_1_15' title='bbox 236 588 288 632; x_wconf 90' lang='lat' dir='ltr'><strong>res</strong></span> <span class='ocrx_word' id='word_1_16' title='bbox 316 567 462 649; x_wconf 87' lang='lat' dir='ltr'><strong>proprias</strong></span> <span class='ocrx_word' id='word_1_17' title='bbox 493 586 556 627; x_wconf 90' lang='lat' dir='ltr'><strong>non</strong></span> <span class='ocrx_word' id='word_1_18' title='bbox 587 567 748 642; x_wconf 87' lang='lat' dir='ltr'><strong>habuerit,</strong></span> <span class='ocrx_word' id='word_1_19' title='bbox 778 568 919 630; x_wconf 92' lang='lat' dir='ltr'><strong>mittatur</strong></span> <span class='ocrx_word' id='word_1_20' title='bbox 948 569 979 629; x_wconf 94' lang='lat' dir='ltr'><strong>in</strong></span> <span class='ocrx_word' id='word_1_21' title='bbox 1010 572 1147 631; x_wconf 91' lang='lat' dir='ltr'><strong>bannum</strong></span> <span class='ocrx_word' id='word_1_22' title='bbox 1179 590 1279 652; x_wconf 92' lang='lat' dir='ltr'><strong>usque</strong></span> 
     </span>
     <span class='ocr_line' id='line_1_4' title="bbox 130 651 512 735; baseline -0.01 -18"><span class='ocrx_word' id='word_1_23' title='bbox 130 675 191 735; x_wconf 89' lang='lat' dir='ltr'><strong>quo</strong></span> <span class='ocrx_word' id='word_1_24' title='bbox 214 672 271 715; x_wconf 86' lang='lat' dir='ltr'><strong>rex</strong></span> <span class='ocrx_word' id='word_1_25' title='bbox 293 651 512 732; x_wconf 81' lang='lat' dir='ltr'><strong>interrogetur.</strong></span> 
     </span>
    </p>

    <p class='ocr_par' dir='ltr' id='par_1_3' title="bbox 129 734 1278 905">
     <span class='ocr_line' id='line_1_5' title="bbox 211 734 1278 816; baseline 0.001 -19"><span class='ocrx_word' id='word_1_26' title='bbox 211 743 241 803; x_wconf 83' lang='grc'><strong>7.</strong></span> <span class='ocrx_word' id='word_1_27' title='bbox 264 737 398 801; x_wconf 84' lang='lat' dir='ltr'>XXXV.</span> <span class='ocrx_word' id='word_1_28' title='bbox 423 743 512 816; x_wconf 90' lang='lat' dir='ltr'><strong>cap.⁴</strong></span> <span class='ocrx_word' id='word_1_29' title='bbox 555 734 586 796; x_wconf 91' lang='lat' dir='ltr'><strong>Si</strong></span> <span class='ocrx_word' id='word_1_30' title='bbox 623 740 733 797; x_wconf 83' lang='lat' dir='ltr'><strong>auctor</strong></span> <span class='ocrx_word' id='word_1_31' title='bbox 766 736 886 797; x_wconf 87' lang='lat' dir='ltr'><strong>venerit</strong></span> <span class='ocrx_word' id='word_1_32' title='bbox 917 745 948 797; x_wconf 91' lang='lat' dir='ltr'><strong>et</strong></span> <span class='ocrx_word' id='word_1_33' title='bbox 980 756 1046 798; x_wconf 92' lang='lat' dir='ltr'><strong>rem</strong></span> <span class='ocrx_word' id='word_1_34' title='bbox 1080 736 1278 800; x_wconf 80' lang='lat' dir='ltr'><strong>interciatam</strong></span> 
     </span>
     <span class='ocr_line' id='line_1_6' title="bbox 129 819 1024 905; baseline -0.002 -21"><span class='ocrx_word' id='word_1_35' title='bbox 129 823 269 905; x_wconf 88' lang='lat' dir='ltr'><strong>recipere</strong></span> <span class='ocrx_word' id='word_1_36' title='bbox 293 820 461 893; x_wconf 86' lang='lat' dir='ltr'><strong>rennuerit,</strong></span> <span class='ocrx_word' id='word_1_37' title='bbox 485 838 597 899; x_wconf 89' lang='lat' dir='ltr'><strong>campo</strong></span> <span class='ocrx_word' id='word_1_38' title='bbox 620 819 669 879; x_wconf 88' lang='lat' dir='ltr'><strong>vel</strong></span> <span class='ocrx_word' id='word_1_39' title='bbox 692 839 785 881; x_wconf 85' lang='lat' dir='ltr'><strong>eruce</strong></span> <span class='ocrx_word' id='word_1_40' title='bbox 808 821 1024 882; x_wconf 76' lang='lat' dir='ltr'><strong>contendatur,</strong></span> 
     </span>
    </p>
   </div>
   <div class='ocr_carea' id='block_1_3' title="bbox 128 901 1282 2324">
    <p class='ocr_par' dir='ltr' id='par_1_4' title="bbox 128 901 1279 1238">
     <span class='ocr_line' id='line_1_7' title="bbox 211 901 1279 985; baseline 0 -20"><span class='ocrx_word' id='word_1_41' title='bbox 211 908 241 972; x_wconf 83' lang='grc'><strong>8.</strong></span> <span class='ocrx_word' id='word_1_42' title='bbox 266 903 399 966; x_wconf 92' lang='lat' dir='ltr'><strong>XLVlll.</strong></span> <span class='ocrx_word' id='word_1_43' title='bbox 422 923 491 984; x_wconf 89' lang='lat' dir='ltr'><strong>cap.</strong></span> <span class='ocrx_word' id='word_1_44' title='bbox 536 901 596 975; x_wconf 86' lang='lat' dir='ltr'><strong>Qui</strong></span> <span class='ocrx_word' id='word_1_45' title='bbox 618 901 700 964; x_wconf 90' lang='lat' dir='ltr'><strong>filios</strong></span> <span class='ocrx_word' id='word_1_46' title='bbox 723 923 785 965; x_wconf 91' lang='lat' dir='ltr'><strong>non</strong></span> <span class='ocrx_word' id='word_1_47' title='bbox 810 903 956 965; x_wconf 90' lang='lat' dir='ltr'><strong>habuerit</strong></span> <span class='ocrx_word' id='word_1_48' title='bbox 986 913 1016 966; x_wconf 92' lang='lat' dir='ltr'><strong>et</strong></span> <span class='ocrx_word' id='word_1_49' title='bbox 1038 905 1132 966; x_wconf 90' lang='lat' dir='ltr'><strong>alium</strong></span> <span class='ocrx_word' id='word_1_50' title='bbox 1164 924 1279 985; x_wconf 90' lang='lat' dir='ltr'><strong>quem-</strong></span> 
     </span>
     <span class='ocr_line' id='line_1_8' title="bbox 128 987 1278 1069; baseline 0 -19"><span class='ocrx_word' id='word_1_51' title='bbox 128 991 203 1052; x_wconf 90' lang='lat' dir='ltr'><strong>libet</strong></span> <span class='ocrx_word' id='word_1_52' title='bbox 233 988 406 1051; x_wconf 86' lang='lat' dir='ltr'><strong>haeredem</strong></span> <span class='ocrx_word' id='word_1_53' title='bbox 440 988 499 1050; x_wconf 86' lang='lat' dir='ltr'><strong>sibi</strong></span> <span class='ocrx_word' id='word_1_54' title='bbox 527 989 632 1048; x_wconf 87' lang='lat' dir='ltr'><strong>lacere</strong></span> <span class='ocrx_word' id='word_1_55' title='bbox 661 987 808 1061; x_wconf 91' lang='lat' dir='ltr'><strong>voluerit,</strong></span> <span class='ocrx_word' id='word_1_56' title='bbox 843 1007 950 1049; x_wconf 91' lang='lat' dir='ltr'><strong>coram</strong></span> <span class='ocrx_word' id='word_1_57' title='bbox 984 1007 1059 1069; x_wconf 82' lang='lat' dir='ltr'><strong>rege</strong></span> <span class='ocrx_word' id='word_1_58' title='bbox 1092 989 1140 1049; x_wconf 90' lang='lat' dir='ltr'><strong>vel</strong></span> <span class='ocrx_word' id='word_1_59' title='bbox 1172 1008 1278 1050; x_wconf 90' lang='lat' dir='ltr'><strong>coram</strong></span> 
     </span>
     <span class='ocr_line' id='line_1_9' title="bbox 129 1070 1279 1153; baseline -0.001 -18"><span class='ocrx_word' id='word_1_60' title='bbox 129 1075 242 1135; x_wconf 87' lang='lat' dir='ltr'><strong>comite</strong></span> <span class='ocrx_word' id='word_1_61' title='bbox 264 1081 295 1134; x_wconf 91' lang='lat' dir='ltr'><strong>et</strong></span> <span class='ocrx_word' id='word_1_62' title='bbox 320 1072 474 1135; x_wconf 89' lang='lat' dir='ltr'><strong>scabineis</strong></span> <span class='ocrx_word' id='word_1_63' title='bbox 498 1071 546 1133; x_wconf 91' lang='lat' dir='ltr'><strong>vel</strong></span> <span class='ocrx_word' id='word_1_64' title='bbox 570 1070 672 1133; x_wconf 89' lang='lat' dir='ltr'><strong>missis</strong></span> <span class='ocrx_word' id='word_1_65' title='bbox 696 1071 869 1146; x_wconf 86' lang='lat' dir='ltr'><strong>dominicis,</strong></span> <span class='ocrx_word' id='word_1_66' title='bbox 900 1073 952 1153; x_wconf 92' lang='lat' dir='ltr'><strong>qui</strong></span> <span class='ocrx_word' id='word_1_67' title='bbox 981 1080 1052 1134; x_wconf 87' lang='lat' dir='ltr'><strong>tunc</strong></span> <span class='ocrx_word' id='word_1_68' title='bbox 1079 1073 1118 1134; x_wconf 93' lang='lat' dir='ltr'><strong>ad</strong></span> <span class='ocrx_word' id='word_1_69' title='bbox 1147 1073 1279 1135; x_wconf 89' lang='lat' dir='ltr'><strong>iustitias</strong></span> 
     </span>
     <span class='ocr_line' id='line_1_10' title="bbox 128 1155 1188 1238; baseline 0 -19"><span class='ocrx_word' id='word_1_70' title='bbox 128 1159 289 1220; x_wconf 87' lang='lat' dir='ltr'><strong>faciendas</strong></span> <span class='ocrx_word' id='word_1_71' title='bbox 312 1157 343 1217; x_wconf 90' lang='lat' dir='ltr'><strong>in</strong></span> <span class='ocrx_word' id='word_1_72' title='bbox 367 1156 527 1238; x_wconf 87' lang='lat' dir='ltr'><strong>provincia</strong></span> <span class='ocrx_word' id='word_1_73' title='bbox 549 1155 665 1215; x_wconf 87' lang='lat' dir='ltr'><strong>luerint</strong></span> <span class='ocrx_word' id='word_1_74' title='bbox 689 1155 834 1229; x_wconf 88' lang='lat' dir='ltr'><strong>ordinati,</strong></span> <span class='ocrx_word' id='word_1_75' title='bbox 857 1155 1060 1218; x_wconf 88' lang='lat' dir='ltr'><strong>traditionem</strong></span> <span class='ocrx_word' id='word_1_76' title='bbox 1083 1157 1188 1219; x_wconf 86' lang='lat' dir='ltr'><strong>faciat.</strong></span> 
     </span>
    </p>

    <p class='ocr_par' dir='ltr' id='par_1_5' title="bbox 128 1237 1279 1406">
     <span class='ocr_line' id='line_1_11' title="bbox 212 1237 1279 1320; baseline 0.002 -20"><span class='ocrx_word' id='word_1_77' title='bbox 212 1246 242 1309; x_wconf 90' lang='grc'><strong>9.</strong></span> <span class='ocrx_word' id='word_1_78' title='bbox 264 1239 354 1303; x_wconf 89' lang='lat' dir='ltr'><strong>LVll.</strong></span> <span class='ocrx_word' id='word_1_79' title='bbox 378 1260 445 1320; x_wconf 90' lang='lat' dir='ltr'><strong>cap.</strong></span> <span class='ocrx_word' id='word_1_80' title='bbox 489 1240 594 1298; x_wconf 90' lang='lat' dir='ltr'><strong>Homo</strong></span> <span class='ocrx_word' id='word_1_81' title='bbox 625 1237 796 1300; x_wconf 84' lang='lat' dir='ltr'><strong>denarialis</strong></span> <span class='ocrx_word' id='word_1_82' title='bbox 826 1259 890 1300; x_wconf 93' lang='lat' dir='ltr'><strong>non</strong></span> <span class='ocrx_word' id='word_1_83' title='bbox 921 1249 994 1302; x_wconf 91' lang='lat' dir='ltr'><strong>ante</strong></span> <span class='ocrx_word' id='word_1_84' title='bbox 1018 1240 1219 1303; x_wconf 88' lang='lat' dir='ltr'><strong>haereditare</strong></span> <span class='ocrx_word' id='word_1_85' title='bbox 1248 1241 1279 1302; x_wconf 90' lang='grc'><strong>13</strong></span> 
     </span>
     <span class='ocr_line' id='line_1_12' title="bbox 128 1321 1278 1406; baseline 0 -20"><span class='ocrx_word' id='word_1_86' title='bbox 128 1344 217 1386; x_wconf 91' lang='lat' dir='ltr'><strong>suam</strong></span> <span class='ocrx_word' id='word_1_87' title='bbox 241 1324 440 1405; x_wconf 81' lang='lat' dir='ltr'><strong>agnationem</strong></span> <span class='ocrx_word' id='word_1_88' title='bbox 464 1321 589 1403; x_wconf 87' lang='lat' dir='ltr'><strong>poterit,</strong></span> <span class='ocrx_word' id='word_1_89' title='bbox 612 1341 705 1401; x_wconf 91' lang='lat' dir='ltr'><strong>quam</strong></span> <span class='ocrx_word' id='word_1_90' title='bbox 724 1324 877 1402; x_wconf 87' lang='lat' dir='ltr'><strong>usquead</strong></span> <span class='ocrx_word' id='word_1_91' title='bbox 897 1324 1027 1385; x_wconf 90' lang='lat' dir='ltr'><strong>terciam</strong></span> <span class='ocrx_word' id='word_1_92' title='bbox 1044 1326 1278 1406; x_wconf 82' lang='lat' dir='ltr'><strong>generationem</strong></span> 
     </span>
    </p>

    <p class='ocr_par' dir='ltr' id='par_1_6' title="bbox 130 1409 1062 1570">
     <span class='ocr_line' id='line_1_13' title="bbox 153 1409 303 1470; baseline -0.007 -1"><span class='ocrx_word' id='word_1_93' title='bbox 153 1409 303 1470; x_wconf 87' lang='lat' dir='ltr'><strong>erveniat.</strong></span> 
     </span>
     <span class='ocr_line' id='line_1_14' title="bbox 130 1430 1062 1570; baseline -0.006 -13"><span class='ocrx_word' id='word_1_94' title='bbox 130 1430 150 1489; x_wconf 66' lang='lat' dir='ltr'>p</span> <span class='ocrx_word' id='word_1_95' title='bbox 216 1495 264 1558; x_wconf 91' lang='lat' dir='ltr'><strong>to.</strong></span> <span class='ocrx_word' id='word_1_96' title='bbox 287 1488 409 1552; x_wconf 88' lang='lat' dir='ltr'><strong>LXllll.</strong></span> <span class='ocrx_word' id='word_1_97' title='bbox 433 1498 530 1570; x_wconf 80' lang='lat' dir='ltr'><strong>cap.⁵.</strong></span> <span class='ocrx_word' id='word_1_98' title='bbox 574 1489 680 1549; x_wconf 90' lang='lat' dir='ltr'><strong>Homo</strong></span> <span class='ocrx_word' id='word_1_99' title='bbox 704 1489 888 1551; x_wconf 84' lang='lat' dir='ltr'><strong>cartularius</strong></span> <span class='ocrx_word' id='word_1_100' title='bbox 911 1489 1062 1552; x_wconf 89' lang='lat' dir='ltr'><strong>similiter.</strong></span> 
     </span>
    </p>

    <p class='ocr_par' dir='ltr' id='par_1_7' title="bbox 129 1573 1281 1985">
     <span class='ocr_line' id='line_1_15' title="bbox 215 1573 1280 1657; baseline -0.006 -15"><span class='ocrx_word' id='word_1_101' title='bbox 215 1578 264 1641; x_wconf 94' lang='grc'><strong>11.</strong></span> <span class='ocrx_word' id='word_1_102' title='bbox 286 1574 408 1636; x_wconf 91' lang='lat' dir='ltr'><strong>LXVll.</strong></span> <span class='ocrx_word' id='word_1_103' title='bbox 425 1593 493 1654; x_wconf 83' lang='lat' dir='ltr'><strong>cap.</strong></span> <span class='ocrx_word' id='word_1_104' title='bbox 531 1573 632 1633; x_wconf 89' lang='lat' dir='ltr'><strong>Omne</strong></span> <span class='ocrx_word' id='word_1_105' title='bbox 655 1582 886 1635; x_wconf 87' lang='lat' dir='ltr'><strong>sacramentum</strong></span> <span class='ocrx_word' id='word_1_106' title='bbox 908 1573 938 1635; x_wconf 89' lang='lat' dir='ltr'><strong>in</strong></span> <span class='ocrx_word' id='word_1_107' title='bbox 955 1574 1086 1638; x_wconf 90' lang='lat' dir='ltr'><strong>ecclesia</strong></span> <span class='ocrx_word' id='word_1_108' title='bbox 1110 1582 1162 1636; x_wconf 93' lang='lat' dir='ltr'><strong>aut</strong></span> <span class='ocrx_word' id='word_1_109' title='bbox 1184 1594 1280 1657; x_wconf 86' lang='lat' dir='ltr'><strong>supra</strong></span> 
     </span>
     <span class='ocr_line' id='line_1_16' title="bbox 129 1657 1279 1739; baseline -0.002 -18"><span class='ocrx_word' id='word_1_110' title='bbox 129 1659 277 1739; x_wconf 91' lang='lat' dir='ltr'><strong>reliquias</strong></span> <span class='ocrx_word' id='word_1_111' title='bbox 300 1660 436 1734; x_wconf 90' lang='lat' dir='ltr'><strong>iuretur;</strong></span> <span class='ocrx_word' id='word_1_112' title='bbox 467 1665 498 1718; x_wconf 97' lang='lat' dir='ltr'><strong>et</strong></span> <span class='ocrx_word' id='word_1_113' title='bbox 526 1657 609 1738; x_wconf 89' lang='lat' dir='ltr'><strong>quod</strong></span> <span class='ocrx_word' id='word_1_114' title='bbox 638 1657 669 1717; x_wconf 92' lang='lat' dir='ltr'><strong>in</strong></span> <span class='ocrx_word' id='word_1_115' title='bbox 692 1657 823 1720; x_wconf 88' lang='lat' dir='ltr'><strong>ecclesia</strong></span> <span class='ocrx_word' id='word_1_116' title='bbox 850 1657 1016 1720; x_wconf 90' lang='lat' dir='ltr'><strong>iurandum</strong></span> <span class='ocrx_word' id='word_1_117' title='bbox 1044 1668 1100 1731; x_wconf 91' lang='lat' dir='ltr'><strong>est,</strong></span> <span class='ocrx_word' id='word_1_118' title='bbox 1131 1658 1181 1719; x_wconf 92' lang='lat' dir='ltr'><strong>vel</strong></span> <span class='ocrx_word' id='word_1_119' title='bbox 1210 1679 1279 1720; x_wconf 91' lang='lat' dir='ltr'><strong>cum</strong></span> 
     </span>
     <span class='ocr_line' id='line_1_17' title="bbox 130 1741 1281 1824; baseline -0.003 -17"><span class='ocrx_word' id='word_1_120' title='bbox 130 1763 186 1807; x_wconf 82' lang='lat' dir='ltr'><strong>sex</strong></span> <span class='ocrx_word' id='word_1_121' title='bbox 209 1743 314 1806; x_wconf 89' lang='lat' dir='ltr'><strong>electis</strong></span> <span class='ocrx_word' id='word_1_122' title='bbox 339 1743 398 1815; x_wconf 90' lang='lat' dir='ltr'><strong>vel,</strong></span> <span class='ocrx_word' id='word_1_123' title='bbox 421 1743 446 1804; x_wconf 89' lang='lat' dir='ltr'><strong>si</strong></span> <span class='ocrx_word' id='word_1_124' title='bbox 471 1741 636 1803; x_wconf 90' lang='lat' dir='ltr'><strong>duodecim</strong></span> <span class='ocrx_word' id='word_1_125' title='bbox 660 1760 730 1804; x_wconf 89' lang='lat' dir='ltr'><strong>esse</strong></span> <span class='ocrx_word' id='word_1_126' title='bbox 753 1744 879 1814; x_wconf 85' lang='lat' dir='ltr'><strong>debent,</strong></span> <span class='ocrx_word' id='word_1_127' title='bbox 903 1742 1011 1822; x_wconf 90' lang='lat' dir='ltr'><strong>quales</strong></span> <span class='ocrx_word' id='word_1_128' title='bbox 1030 1743 1167 1824; x_wconf 90' lang='lat' dir='ltr'><strong>potuerit</strong></span> <span class='ocrx_word' id='word_1_129' title='bbox 1188 1743 1281 1803; x_wconf 92' lang='lat' dir='ltr'><strong>inve-</strong></span> 
     </span>
     <span class='ocr_line' id='line_1_18' title="bbox 129 1826 1281 1909; baseline -0.001 -19"><span class='ocrx_word' id='word_1_130' title='bbox 129 1830 210 1890; x_wconf 90' lang='lat' dir='ltr'><strong>nire:</strong></span> <span class='ocrx_word' id='word_1_131' title='bbox 239 1829 283 1891; x_wconf 85' lang='lat' dir='ltr'><strong>sic</strong></span> <span class='ocrx_word' id='word_1_132' title='bbox 309 1829 395 1889; x_wconf 86' lang='lat' dir='ltr'><strong>illurn</strong></span> <span class='ocrx_word' id='word_1_133' title='bbox 420 1828 502 1888; x_wconf 89' lang='lat' dir='ltr'><strong>Dens</strong></span> <span class='ocrx_word' id='word_1_134' title='bbox 526 1826 650 1888; x_wconf 88' lang='lat' dir='ltr'><strong>adiuvet</strong></span> <span class='ocrx_word' id='word_1_135' title='bbox 674 1835 705 1888; x_wconf 92' lang='grc'><strong>31</strong></span> <span class='ocrx_word' id='word_1_136' title='bbox 727 1827 834 1898; x_wconf 87' lang='grc'><strong>333311,</strong></span> <span class='ocrx_word' id='word_1_137' title='bbox 858 1846 991 1906; x_wconf 87' lang='lat' dir='ltr'><strong>quornm</strong></span> <span class='ocrx_word' id='word_1_138' title='bbox 1020 1827 1100 1890; x_wconf 92' lang='lat' dir='ltr'><strong>istae</strong></span> <span class='ocrx_word' id='word_1_139' title='bbox 1129 1826 1281 1909; x_wconf 88' lang='lat' dir='ltr'><strong>reliquiae</strong></span> 
     </span>
     <span class='ocr_line' id='line_1_19' title="bbox 130 1912 570 1985; baseline -0.007 -10"><span class='ocrx_word' id='word_1_140' title='bbox 130 1920 211 1985; x_wconf 91' lang='lat' dir='ltr'><strong>sunt,</strong></span> <span class='ocrx_word' id='word_1_141' title='bbox 235 1923 268 1975; x_wconf 92' lang='lat' dir='ltr'><strong>ut</strong></span> <span class='ocrx_word' id='word_1_142' title='bbox 291 1913 454 1974; x_wconf 88' lang='lat' dir='ltr'><strong>veritatem</strong></span> <span class='ocrx_word' id='word_1_143' title='bbox 478 1912 570 1972; x_wconf 90' lang='lat' dir='ltr'><strong>dicat.</strong></span> 
     </span>
    </p>

    <p class='ocr_par' dir='ltr' id='par_1_8' title="bbox 130 1994 1282 2324">
     <span class='ocr_line' id='line_1_20' title="bbox 216 1994 1282 2076; baseline -0.006 -14"><span class='ocrx_word' id='word_1_144' title='bbox 216 2000 264 2063; x_wconf 79' lang='lat'><strong>12.</strong></span> <span class='ocrx_word' id='word_1_145' title='bbox 286 1995 412 2058; x_wconf 88' lang='lat' dir='ltr'><strong>LXXll.</strong></span> <span class='ocrx_word' id='word_1_146' title='bbox 429 2016 497 2076; x_wconf 92' lang='lat' dir='ltr'><strong>cap.</strong></span> <span class='ocrx_word' id='word_1_147' title='bbox 534 1995 565 2056; x_wconf 93' lang='lat' dir='ltr'><strong>Si</strong></span> <span class='ocrx_word' id='word_1_148' title='bbox 580 2013 631 2056; x_wconf 89' lang='lat' dir='ltr'><strong>res</strong></span> <span class='ocrx_word' id='word_1_149' title='bbox 646 1994 811 2055; x_wconf 86' lang='lat' dir='ltr'><strong>interciata</strong></span> <span class='ocrx_word' id='word_1_150' title='bbox 832 1994 917 2055; x_wconf 84' lang='lat' dir='ltr'><strong>furto</strong></span> <span class='ocrx_word' id='word_1_151' title='bbox 935 1994 1040 2056; x_wconf 87' lang='lat' dir='ltr'><strong>ablata</strong></span> <span class='ocrx_word' id='word_1_152' title='bbox 1064 1995 1166 2066; x_wconf 86' lang='lat' dir='ltr'><strong>luerit,</strong></span> <span class='ocrx_word' id='word_1_153' title='bbox 1190 1994 1282 2056; x_wconf 88' lang='lat' dir='ltr'><strong>liceat</strong></span> 
     </span>
     <span class='ocr_line' id='line_1_21' title="bbox 132 2077 1280 2162; baseline -0.003 -21"><span class='ocrx_word' id='word_1_154' title='bbox 132 2081 170 2152; x_wconf 90' lang='lat' dir='ltr'><strong>ei,</strong></span> <span class='ocrx_word' id='word_1_155' title='bbox 193 2100 287 2162; x_wconf 89' lang='lat' dir='ltr'><strong>super</strong></span> <span class='ocrx_word' id='word_1_156' title='bbox 311 2099 403 2160; x_wconf 86' lang='lat' dir='ltr'><strong>quem</strong></span> <span class='ocrx_word' id='word_1_157' title='bbox 428 2099 477 2141; x_wconf 90' lang='lat' dir='ltr'><strong>res</strong></span> <span class='ocrx_word' id='word_1_158' title='bbox 504 2079 669 2139; x_wconf 88' lang='lat' dir='ltr'><strong>interciata</strong></span> <span class='ocrx_word' id='word_1_159' title='bbox 691 2077 794 2151; x_wconf 85' lang='lat' dir='ltr'><strong>luerit,</strong></span> <span class='ocrx_word' id='word_1_160' title='bbox 816 2085 1047 2139; x_wconf 87' lang='lat' dir='ltr'><strong>sacramentum</strong></span> <span class='ocrx_word' id='word_1_161' title='bbox 1072 2098 1106 2138; x_wconf 90' lang='lat' dir='ltr'><strong>se</strong></span> <span class='ocrx_word' id='word_1_162' title='bbox 1129 2096 1280 2139; x_wconf 83' lang='lat' dir='ltr'><strong>excusare</strong></span> 
     </span>
     <span class='ocr_line' id='line_1_22' title="bbox 131 2160 1281 2243; baseline -0.002 -19"><span class='ocrx_word' id='word_1_163' title='bbox 131 2165 170 2224; x_wconf 89' lang='lat' dir='ltr'><strong>dc</strong></span> <span class='ocrx_word' id='word_1_164' title='bbox 192 2165 287 2237; x_wconf 82' lang='lat' dir='ltr'><strong>furto,</strong></span> <span class='ocrx_word' id='word_1_165' title='bbox 309 2183 366 2225; x_wconf 90' lang='lat' dir='ltr'><strong>neo</strong></span> <span class='ocrx_word' id='word_1_166' title='bbox 388 2182 463 2224; x_wconf 90' lang='lat' dir='ltr'><strong>suae</strong></span> <span class='ocrx_word' id='word_1_167' title='bbox 480 2161 647 2223; x_wconf 92' lang='lat' dir='ltr'><strong>voluntatis</strong></span> <span class='ocrx_word' id='word_1_168' title='bbox 662 2167 717 2221; x_wconf 93' lang='lat' dir='ltr'><strong>aut</strong></span> <span class='ocrx_word' id='word_1_169' title='bbox 736 2160 944 2222; x_wconf 88' lang='lat' dir='ltr'><strong>conscientiae</strong></span> <span class='ocrx_word' id='word_1_170' title='bbox 962 2162 1068 2234; x_wconf 88' lang='lat' dir='ltr'><strong>fuisse,</strong></span> <span class='ocrx_word' id='word_1_171' title='bbox 1085 2161 1169 2243; x_wconf 90' lang='lat' dir='ltr'><strong>quod</strong></span> <span class='ocrx_word' id='word_1_172' title='bbox 1186 2161 1281 2223; x_wconf 89' lang='lat' dir='ltr'><strong>abla-</strong></span> 
     </span>
     <span class='ocr_line' id='line_1_23' title="bbox 130 2243 909 2324; baseline -0.001 -16"><span class='ocrx_word' id='word_1_173' title='bbox 130 2255 195 2309; x_wconf 94' lang='lat' dir='ltr'><strong>tum</strong></span> <span class='ocrx_word' id='word_1_174' title='bbox 219 2255 284 2321; x_wconf 90' lang='lat' dir='ltr'><strong>est;</strong></span> <span class='ocrx_word' id='word_1_175' title='bbox 308 2255 338 2308; x_wconf 89' lang='lat' dir='ltr'><strong>et</strong></span> <span class='ocrx_word' id='word_1_176' title='bbox 361 2253 480 2308; x_wconf 89' lang='lat' dir='ltr'><strong>tantum</strong></span> <span class='ocrx_word' id='word_1_177' title='bbox 504 2245 571 2306; x_wconf 91' lang='lat' dir='ltr'><strong>sine</strong></span> <span class='ocrx_word' id='word_1_178' title='bbox 594 2247 733 2324; x_wconf 88' lang='lat' dir='ltr'><strong>dampno</strong></span> <span class='ocrx_word' id='word_1_179' title='bbox 755 2243 909 2307; x_wconf 88' lang='lat' dir='ltr'><strong>restituat.</strong></span> 
     </span>
    </p>
   </div>
   <div class='ocr_carea' id='block_1_4' title="bbox 129 2428 1282 2563">
    <p class='ocr_par' dir='ltr' id='par_1_9' title="bbox 129 2428 1282 2563">
     <span class='ocr_line' id='line_1_24' title="bbox 130 2428 1282 2563; baseline 0.002 -78"><span class='ocrx_word' id='word_1_180' title='bbox 130 2432 283 2563; x_wconf 45' lang='lat' dir='ltr'><strong>lligpeetet</strong></span> <span class='ocrx_word' id='word_1_181' title='bbox 306 2436 342 2488; x_wconf 86' lang='lat' dir='ltr'><strong>ud</strong></span> <span class='ocrx_word' id='word_1_182' title='bbox 366 2438 404 2487; x_wconf 85' lang='grc'><strong>111.</strong></span> <span class='ocrx_word' id='word_1_183' title='bbox 424 2432 467 2485; x_wconf 89' lang='grc'><strong>33.</strong></span> <span class='ocrx_word' id='word_1_184' title='bbox 497 2433 572 2485; x_wconf 73' lang='lat' dir='ltr'><strong>latrias</strong></span> <span class='ocrx_word' id='word_1_185' title='bbox 596 2433 725 2486; x_wconf 77' lang='lat' dir='ltr'><strong>editionis.</strong></span> <span class='ocrx_word' id='word_1_186' title='bbox 857 2429 883 2497; x_wconf 86' lang='lat'><strong>5)</strong></span> <span class='ocrx_word' id='word_1_187' title='bbox 903 2431 1011 2499; x_wconf 80' lang='lat' dir='ltr'><strong>Spectat</strong></span> <span class='ocrx_word' id='word_1_188' title='bbox 1029 2432 1065 2484; x_wconf 87' lang='lat' dir='ltr'><strong>ud</strong></span> <span class='ocrx_word' id='word_1_189' title='bbox 1083 2435 1120 2485; x_wconf 86' lang='grc'><strong>111.</strong></span> <span class='ocrx_word' id='word_1_190' title='bbox 1141 2428 1185 2484; x_wconf 85' lang='grc'><strong>61.</strong></span> <span class='ocrx_word' id='word_1_191' title='bbox 1205 2432 1282 2486; x_wconf 79' lang='lat' dir='ltr'><strong>dutus</strong></span> 
     </span>
     <span class='ocr_line' id='line_1_25' title="bbox 129 2522 260 2562; baseline 0 0"><span class='ocrx_word' id='word_1_192' title='bbox 129 2522 144 2562; x_wconf 89' lang='grc'><strong>3</strong></span> <span class='ocrx_word' id='word_1_193' title='bbox 163 2525 171 2562; x_wconf 84' lang='grc' dir='ltr'>ι</span> <span class='ocrx_word' id='word_1_194' title='bbox 193 2524 260 2562; x_wconf 77' lang='lat' dir='ltr'><strong>onte.</strong></span> 
     </span>
    </p>
   </div>
   <div class='ocr_carea' id='block_1_5' title="bbox 0 0 1484 4944">
    <p class='ocr_par' dir='ltr' id='par_1_10' title="bbox 0 0 1484 4944">
     <span class='ocr_line' id='line_1_26' title="bbox 0 0 1484 4944; baseline 0 0"><span class='ocrx_word' id='word_1_195' title='bbox 0 0 1484 4944; x_wconf 95' lang='lat' dir='ltr'><strong> </strong></span> 
     </span>
    </p>
   </div>
  </div>
 </body>
</html>
