2956 4944
587 303 664 358 LEX
682 303 871 361 [treunam.

633 496 657 549 a
675 496 776 552 coar.
795 478 836 552 Α.

152 614 266 689 fuerit
293 625 331 689 et
357 614 499 713 aliquid
529 615 781 712 interfecerit,
809 617 987 691 solvatur.
1039 618 1078 692 Si
1106 629 1233 692 autem
1266 619 1312 693 de

153 715 254 790 intus
274 741 365 813 sepe
385 741 427 790 se
447 716 484 789 in
502 716 609 816 virga
629 715 866 816 inpalaverit,
885 743 959 792 non
980 729 1038 792 est
1055 718 1268 794 solvendus.

253 821 288 893 5.
334 817 440 906 Quod
462 817 494 891 si
514 818 597 915 quis
616 816 652 890 in
672 843 802 917 sepem
823 819 883 893 vel
904 819 941 891 in
962 844 1200 918 quacumque
1220 821 1313 894 libet

152 917 323 1016 periculo
343 943 404 991 res
423 919 567 992 alienas
588 919 726 995 invitas
746 919 959 1014 minaverit,
985 930 1023 993 et
1042 920 1180 995 ibidem
1199 921 1314 995 inter·

153 1018 251 1092 fecta
272 1019 334 1092 vel
353 1019 567 1093 debilitatas
587 1020 740 1116 fuerint,
768 1021 904 1095 similis
931 1020 1120 1117 restituat,
1144 1033 1209 1096 aut
1228 1047 1312 1096 cum

154 1120 177 1193 6
197 1119 297 1215 iurit,
317 1122 415 1218 quod
437 1121 509 1194 lroc
529 1146 603 1194 non
623 1121 787 1195 fecisset.

672 1257 793 1330 LXXI.

256 1375 310 1447 De
349 1399 588 1473 quacumque
625 1399 736 1449 causa
773 1373 907 1450 fistuca
945 1376 1222 1472 intercesserit,
1260 1378 1314 1450 la-

156 1475 239 1547 cina
273 1475 540 1570 interdicatur,
569 1477 633 1549 sed
671 1501 756 1550 cum
785 1489 1025 1550 sacramente
1061 1501 1103 1552 se
1136 1477 1313 1552 edoniare

157 1573 377 1673 [studeat*].

253 1673 277 1759 ⁴²]
301 1677 426 1738 studeat
447 1689 549 1744 uddunl
570 1678 599 1740 4.
622 1679 651 1742 9.

661 1797 798 1872 LXXlI.

260 1923 290 1991 l.
334 1917 373 1991 Si
400 1917 483 2016 quis
511 1916 706 1992 hominem
735 1917 1005 2015 interciaverit,
1030 1929 1067 1993 et
1087 1919 1180 1993 infra
1200 1917 1317 2018 placi·

156 2029 235 2091 tum
261 2029 430 2091 mortuos
455 2018 581 2112 fuerit,
610 2018 647 2090 in
668 2020 876 2117 quadruvio
897 2043 983 2092 cum
1001 2031 1143 2093 retorta
1164 2020 1199 2092 in
1219 2021 1317 2118 pede

157 2119 384 2218 sepeliatur,
421 2129 458 2191 et
486 2119 625 2191 ibidem
653 2121 698 2191 ad
727 2120 827 2192 diem
854 2119 1016 2218 placitus
1044 2143 1129 2193 cum
1156 2121 1414 2196 testibusr·²⁶⁰·

158 2219 324 2313 accidat,
351 2229 497 2291 etcum
526 2219 615 2315 ipsis
640 2243 717 2312 sex,
744 2220 807 2317 qui
834 2245 921 2293 eum
947 2219 1111 2317 sepelire
1129 2220 1315 2316 viderunt,

157 2322 194 2392 in
234 2319 378 2392 harahu
420 2319 611 2415 coniuret,
653 2321 750 2416 quod
793 2319 932 2394 ibidem
977 2319 1049 2418 ipsi
1093 2321 1316 2397 interciatus

637 2594 660 2648 u
679 2593 782 2650 curu.
801 2578 844 2651 B.

158 2712 274 2794 aliquid
306 2711 508 2784 interficerit,
537 2716 686 2774 solvatur.
731 2712 761 2773 Si
792 2721 896 2775 autem
928 2714 967 2775 de
994 2715 1076 2777 inlus
1106 2733 1202 2795 saepe
1230 2733 1264 2776 se
1287 2713 1317 2776 in

156 2796 243 2880 virga
266 2795 466 2876 inpalaverit‚
488 2816 550 2857 non
574 2803 620 2857 est
643 2796 823 2858 solvendus.

264 2885 293 2945 5.
330 2879 422 2952 Quod
447 2880 472 2941 si
495 2879 564 2958 quis
585 2879 616 2939 in
640 2898 769 2959 saepem
794 2880 843 2942 vel
863 2881 893 2941 in
917 2899 1114 2961 quocumque
1135 2880 1210 2941 libet
1231 2879 1319 2961 peri-

160 2963 230 3026 culo
260 2981 311 3025 res
342 2962 461 3024 alienas
490 2962 604 3023 invitas
635 2962 816 3034 minaverit,
846 2971 876 3024 et
904 2963 1020 3024 ibidem
1051 2963 1236 3026 interfectae
1268 2963 1318 3024 vel

159 3046 340 3110 debilitatae
362 3045 486 3121 suerint,
508 3044 624 3109 similes
647 3046 800 3124 restituat,
824 3055 877 3108 aut
900 3067 969 3109 cum
992 3051 1011 3112 6
1034 3047 1125 3120 iuret,
1148 3049 1232 3129 quod
1257 3048 1320 3109 hoc

159 3152 222 3192 nun
246 3132 381 3193 fecisset.

668 3212 807 3276 LXlllll.

453 3318 506 3377 De
528 3316 678 3379 fistuca
702 3317 1019 3380 intercurrente.

263 3422 310 3480 De
341 3437 538 3501 quacumque
568 3438 662 3482 causa
692 3419 804 3482 fistuca
834 3421 1056 3493 intercesserit,
1087 3421 1190 3482 lacina
1217 3419 1321 3480 iuter-

160 3503 291 3576 dicatur,
317 3504 371 3565 sed
396 3523 466 3564 cum
489 3511 689 3566 sacramento
711 3523 746 3565 se
767 3504 911 3570 idoniare
934 3502 1136 3590 [studeaut*].

257 3588 282 3670 *)
306 3588 453 3650 studeant
474 3601 549 3654 addit
569 3591 599 3654 3.

669 3707 808 3770 Lxxtv.

279 3811 333 3870 De
353 3809 510 3872 homine
532 3809 744 3872 intertiato
769 3809 829 3872 vel
853 3828 1000 3891 pecore
1022 3817 1192 3872 mortuo.

268 3915 295 3976 l.
334 3912 364 3973 Si
387 3913 456 3992 quis
477 3911 638 3973 bominem
665 3912 878 3986 intertiaveril,
901 3921 932 3974 et
953 3911 1035 3973 inira
1058 3911 1204 3991 placitum
1228 3930 1319 3973 mor-

161 4004 231 4059 tuus
260 3995 368 4069 suerit,
398 3997 427 4057 in
451 3995 639 4077 *quadruvio
670 4016 738 4057 cum
770 4001 890 4058 retorta
912 3996 944 4056 in
966 3996 1049 4077 pede
1071 3995 1258 4076 sepeliatur,
1289 4004 1441 4066 avem

159 4080 277 4144 ibidem
312 4081 351 4143 ad
382 4080 464 4141 diem
495 4079 628 4161 placitus
659 4099 727 4141 cum
759 4080 889 4143 testibus
920 4080 1061 4153 accedat,
1091 4089 1122 4142 et
1151 4099 1220 4142 cum
1244 4079 1320 4178 ipsis

161 4183 227 4237 sex,
250 4165 303 4246 qui
332 4186 402 4227 eum
432 4165 566 4246 sepelire
595 4166 746 4238 viderunt,
779 4165 809 4225 in
840 4163 940 4227 araho
968 4165 1118 4236 coniuret,
1148 4163 1233 4245 quod
1257 4162 1321 4226 rbi-

162 4249 233 4310 dem
261 4249 330 4329 ipse
357 4249 533 4312 intertiatus
564 4251 683 4332 absque
712 4247 930 4310 interlectione
957 4248 1137 4321 homiuum,
1166 4247 1320 4328 pecodum

1069 4363 1085 4413 ‘1
