2956 4944
647 335 723 392 LEX
742 334 928 392 alunnum.

693 528 716 583 r
735 527 837 583 conr.
855 509 896 583 Α.

316 653 349 724 2.
389 648 495 736 Quod
524 648 555 722 si
584 649 669 746 quis
701 648 927 721 tabularium
963 671 1029 720 seu
1067 648 1376 723 ecclesiasticum

213 751 407 823 hominem
443 760 573 823 contra
611 749 831 846 episcopum
870 749 1070 822 defensare
1104 748 1289 845 voluerit,
1325 753 1376 826 60

215 852 357 925 solidos
386 861 423 923 et
447 850 601 947 insuper
624 848 818 922 hominem
845 874 931 922 cum
950 849 1124 923 omnibus
1151 852 1265 924 rebus
1293 850 1375 924 suis

215 952 402 1026 ecclesiae
439 951 624 1024 restituat.
679 949 773 1037 Quia
812 949 1001 1023 inlicitum
1038 951 1233 1046 ducimus,
1272 954 1373 1051 quod

216 1052 391 1127 ecclesiis
412 1051 669 1124 concessimus
690 1051 824 1123 iterum
845 1052 889 1123 ab
910 1050 1086 1124 ecclesiis
1104 1076 1295 1126 revocare.

319 1176 352 1246 3.
390 1172 509 1242 Nemo
537 1193 688 1242 servum
708 1169 1008 1242 ecclesiasticum
1030 1173 1171 1269 absque
1189 1170 1375 1245 vicarium

216 1272 394 1345 libertum
414 1272 539 1343 facere
556 1280 783 1368 praesumat.

112 1417 137 1459 r.
153 1398 204 1448 244.
316 1395 349 1464 4.
386 1389 609 1462 Tabularius
630 1399 769 1482 autem,
796 1387 859 1485 qui
878 1389 1020 1487 absque
1039 1388 1168 1462 liberis
1188 1389 1375 1464 discesse-

216 1490 277 1588 rit,
296 1489 440 1562 nullum
460 1490 576 1562 alium
596 1513 707 1589 quam
729 1487 931 1562 ecclesiam
951 1489 1141 1589 relinquat
1158 1491 1353 1563 heredem.

317 1612 352 1685 5.
401 1609 508 1697 Quod
536 1609 567 1681 si
604 1607 687 1706 quis
721 1607 869 1681 tabulas
901 1608 1167 1707 episcoporum
1199 1609 1374 1683 manibus

216 1735 284 1784 seu
318 1710 542 1783 clericorum
578 1711 774 1782 roboratas
812 1708 1028 1808 inrumpere
1063 1708 1247 1804 voluerit,
1283 1721 1375 1784 tunc

217 1811 506 1885 archidiaconus
535 1834 620 1882 cum
646 1809 817 1904 testibus,
838 1810 899 1908 qui
920 1810 1067 1884 tabulas
1088 1812 1374 1906 roboraverunt,

218 1922 305 1985 ante
343 1910 563 2010 episcopum
588 1910 648 1982 vel
674 1934 804 2005 regem
835 1912 1009 2006 accedat,
1038 1922 1079 1984 ut
1111 1911 1244 2005 testis,
1272 1913 1374 2009 quod

217 2013 355 2107 sciunt,
380 2011 515 2084 dicant.
551 2011 658 2099 Quod
687 2011 718 2084 si
749 2010 818 2107 illi,
845 2012 909 2109 qui
938 2036 1090 2085 causam
1117 2013 1374 2111 prosequitur,

217 2113 464 2212 adquiescere
485 2113 663 2208 noluerit,
689 2122 778 2184 tunc
800 2113 917 2185 tabuli
939 2112 976 2183 in
998 2115 1213 2211 praesentia
1238 2113 1375 2187 iudicis

217 2217 475 2314 perforentur,
522 2224 560 2286 et
603 2210 890 2286 archidiaconus
930 2213 966 2284 io
1007 2225 1206 2310 praesente
1252 2239 1375 2287 sacra·

218 2328 387 2390 mentum
425 2313 499 2388 fide
531 2313 666 2410 faciat,
708 2324 745 2387 et
784 2314 854 2386 sibi
886 2313 1073 2412 septimus
1106 2338 1220 2410 super
1251 2314 1374 2388 noctis

218 2429 366 2516 septem
396 2415 559 2489 coniurit
584 2437 669 2487 cum
691 2414 785 2511 ipsis
812 2414 991 2510 testibus,
1021 2415 1083 2514 qui
1111 2416 1258 2489 tabulas
1288 2440 1377 2489 con-

219 2517 471 2613 scripserunt,
515 2518 611 2613 quod
652 2513 721 2612 ipsi
758 2514 966 2589 tabularius
1004 2517 1212 2589 secundum
1248 2517 1376 2615 legem

700 2778 723 2832 a
742 2777 844 2833 corr.
863 2761 906 2833 B.

325 2899 354 2961 2.
392 2895 484 2969 Quod
509 2895 535 2958 si
556 2895 624 2976 quis
646 2895 837 2957 tabularium
860 2917 917 2960 seu
945 2897 1189 2959 ecclesiasticum
1217 2896 1379 2958 homiuem

220 2986 329 3043 contra
353 2980 535 3060 episcopum
561 2979 728 3042 defensare
751 2982 892 3055 voluerit,
915 2985 956 3047 60
972 2982 1090 3043 sciidos
1111 2989 1141 3041 et
1163 2982 1291 3061 insuper
1312 2979 1379 3041 bo·

220 3065 336 3126 minem
364 3084 434 3125 cum
465 3062 610 3127 omnibus
638 3067 731 3126 rebus
759 3067 823 3127 suis
850 3065 1001 3127 ecelesiae
1024 3066 1176 3127 restituat.
1221 3063 1303 3137 Quia
1326 3065 1381 3124 in-

219 3148 335 3210 licitum
360 3148 500 3222 dicimus,
530 3150 613 3229 quod
637 3148 776 3212 ecclesiis
800 3149 1021 3221 concessimus,
1043 3148 1153 3209 iterum
1177 3148 1217 3208 ab
1241 3147 1383 3211 ecclesiis

220 3250 380 3294 revocare.

326 3337 356 3400 3.
393 3335 492 3396 Nemo
520 3354 645 3396 servum
675 3333 918 3397 ecclesiasticum
947 3333 1066 3412 absque
1093 3329 1210 3392 vicario
1232 3329 1383 3394 libertum

221 3419 327 3480 facere
350 3425 541 3499 praesumat.

119 3521 212 3582 pate.
328 3523 358 3586 4.
406 3520 593 3583 Tabularius
631 3528 754 3598 autem,
792 3518 843 3598 qui
880 3519 1000 3597 absque
1037 3515 1145 3578 liberis
1188 3515 1382 3591 discesserit,

223 3603 339 3666 nullum
364 3604 459 3666 alium
483 3605 542 3667 uisi
564 3603 728 3666 ecclesiam
750 3600 905 3681 relinquat
927 3600 1086 3662 heredem.

328 3711 357 3772 5.
396 3707 489 3778 Quod
519 3705 544 3766 si
572 3707 640 3785 quis
668 3704 792 3765 tabulas
823 3703 1045 3784 episcoporum
1068 3702 1212 3763 manibus
1235 3722 1290 3763 seu
1314 3703 1384 3763 cle-

223 3789 358 3850 ricorum
383 3793 552 3851 roboratas
580 3789 760 3868 inrumpere
782 3787 924 3861 voluerit,
953 3795 1026 3849 tuuc
1049 3786 1288 3849 archidiaconus
1312 3805 1382 3846 cum

223 3872 365 3944 testibus,
396 3872 448 3952 qui
480 3874 600 3934 tabulas
630 3874 872 3944 roboraverunt,
903 3881 976 3933 ante
998 3871 1179 3952 episcopum
1204 3870 1254 3932 vel
1276 3888 1384 3951 regem

224 3956 363 4026 accedat,
387 3963 419 4017 ut
434 3961 541 4029 testes,
564 3957 647 4036 quod
665 3955 775 4027 sciunt,
798 3955 913 4017 dicant.
950 3954 1041 4028 Quod
1061 3956 1086 4017 si
1101 3955 1162 4029 ine,
1186 3955 1238 4034 qui
1255 3971 1384 4015 causam

224 4040 443 4120 prosequitur,
475 4039 681 4121 adquiescere
710 4039 855 4113 uoluerit,
885 4040 1112 4120 tunctabulae
1141 4039 1171 4099 iu
1202 4037 1385 4119 praesentia

223 4123 332 4186 iudicis
359 4124 567 4205 perforentur,
597 4134 627 4186 et
654 4124 893 4187 archidiaconus
923 4126 953 4185 in
987 4131 1154 4206 praesente
1183 4129 1386 4184 sacramento

223 4208 319 4270 fidem
349 4208 459 4281 faciat,
493 4216 524 4270 et
556 4209 613 4272 sibi
647 4211 798 4290 septimus
830 4228 925 4290 super
958 4217 1067 4269 noctes
1096 4215 1214 4286 septem
1245 4205 1388 4268 coniuret

108 4315 147 4371 η».
163 4311 295 4360 atheum
316 4295 392 4374 ipsis
414 4291 553 4368 testibus,
577 4293 629 4373 qui
651 4294 788 4355 *tabulas
810 4293 1073 4373 conscripserunt,
1098 4291 1182 4370 quod
1205 4290 1273 4372 ipse
1289 4290 1388 4350 tabu-
