2956 4944
612 316 688 373 LEX
709 315 895 373 nleunnin.

648 512 672 567 n
690 510 792 566 conr.
811 493 851 566 A.

717 631 788 706 XX.

276 757 306 825 1.
333 751 372 826 Si
393 776 526 826 servus
546 751 711 851 ingenue
731 750 930 850 sanguinis
950 751 1178 826 effusionem
1199 754 1340 830 fecerit

173 863 237 926 aut
263 853 368 952 regio
402 852 461 926 vel
498 853 761 927 ecclesiastico
788 852 963 949 homine,
996 853 1128 951 quinto
1156 856 1336 931 demedio

172 954 295 1028 solido
316 953 511 1052 culpabilis
531 953 727 1028 iudicetur.
760 955 835 1027 Aut
860 953 892 1028 si
917 956 1128 1053 negaverit,
1157 957 1337 1032 dominus

173 1055 257 1130 eius
278 1080 363 1129 euni
384 1057 407 1127 6
428 1054 527 1128 iurit.

273 1159 307 1232 2.
336 1154 522 1230 Similiter
549 1155 582 1230 si
611 1155 796 1254 ingenuus
823 1167 888 1230 aut
913 1156 1044 1256 regins
1071 1159 1133 1231 vel
1153 1157 1338 1233 ecelesia·

173 1255 292 1330 sticus
319 1258 434 1330 home
461 1282 572 1331 servo
600 1258 673 1330 hoc
693 1257 838 1354 fecerit,
864 1256 994 1355 quinte
1014 1258 1189 1334 demedio
1210 1259 1334 1335 solido

174 1356 374 1456 culpabilis
395 1355 620 1433 iudicetur*.

276 1475 301 1559 *)
326 1484 380 1538 aut
401 1495 470 1538 cum
495 1497 552 1540 sex
573 1477 654 1538 iuret
674 1489 774 1543 addunt
798 1476 828 1541 3.
850 1478 880 1540 6.
904 1480 933 1540 7.
956 1478 992 1552 9;
1023 1484 1076 1538 aut
1099 1477 1243 1538 dominus
1267 1479 1334 1540 eius

323 1580 393 1622 cum
415 1579 472 1622 sex
493 1561 575 1624 iuret
594 1573 668 1628 addit
690 1562 738 1627 10.

708 1690 799 1765 XXI.

275 1810 383 1898 Quod
413 1811 445 1885 si
475 1811 662 1910 ingenuus
700 1823 764 1885 aut
791 1810 922 1911 regius
953 1812 1014 1885 vel
1052 1811 1334 1889 ecclesiasticos

172 1912 287 1985 horno
304 1936 415 1986 servo
431 1937 520 1986 osso
536 1912 699 2012 frigent,
718 1916 741 1989 9
756 1912 900 1988 solidos
916 1912 1115 2011 culpabilis
1131 1912 1334 2012 iudicetur,

174 2023 239 2085 aut
258 2012 411 2088 domino
433 2012 514 2088 eius
534 2038 620 2087 eum
638 2017 661 2089 6
682 2014 781 2088 iurit.

696 2153 805 2227 XXll.

273 2272 379 2361 Quod
408 2271 439 2346 si
467 2297 598 2346 servos
639 2274 833 2348 hominem
868 2274 1009 2347 Franco
1050 2285 1115 2346 aut
1153 2274 1333 2349 Ribuarie

71 2409 95 2452 ρ.
110 2391 259 2446 messa
285 2373 452 2470 frigent,
480 2373 656 2448 dominus
683 2375 764 2449 eius
785 2378 833 2449 36
853 2374 994 2449 solides
1018 2374 1217 2471 culpabilis
1238 2375 1337 2449 iudi·

657 2626 801 2683 rconn.
821 2611 863 2683 B.

716 2747 787 2810 XX.

485 2849 540 2910 De
563 2850 762 2912 effusione
785 2851 1006 2934 sanguinis.

277 2953 305 3017 1.
338 2953 369 3014 Si
402 2972 514 3016 servus
546 2953 683 3036 ingenuo
712 2962 767 3018 eut
794 2955 882 3038 regio
906 2955 955 3017 vel
977 2956 1189 3018 ecclesiastico
1212 2955 1333 3020 homini

171 3036 331 3118 sanguinis
348 3036 532 3100 effusionem
549 3031 668 3116 fecerit,
684 3044 712 3106 5.
726 3040 862 3102 dimedio
878 3040 979 3103 solido
993 3041 1155 3123 culpabiiis
1167 3041 1334 3104 iudicetur.

169 3121 231 3182 Ant
253 3121 279 3184 si
302 3121 473 3203 negaverit,
494 3124 640 3187 dominns
664 3124 729 3186 eins
752 3144 821 3186 eum
844 3129 863 3190 6
886 3126 977 3186 iuret.

275 3210 304 3271 2.
335 3206 482 3269 Similiter
504 3207 530 3270 si
546 3209 698 3290 ingenuus
720 3215 774 3270 aut
790 3208 892 3290 regius
915 3208 965 3269 vel
984 3208 1213 3271 ecclesiasticus
1233 3209 1334 3272 home

169 3307 233 3369 hoc
258 3328 350 3371 servo
378 3311 501 3385 fecerit,
530 3314 548 3375 5
575 3309 714 3372 dimedio
745 3309 847 3372 solido
876 3309 1037 3390 culpabilis
1066 3309 1234 3382 iudicetur,
1266 3309 1334 3370 aut

171 3395 364 3492 [dominus
383 3397 480 3493 eius]
501 3420 586 3468 curn
605 3403 627 3472 6
648 3397 756 3470 iuret.

706 3530 792 3592 xxi.

470 3635 521 3694 De
544 3652 638 3695 osse
660 3632 791 3697 fracto
814 3650 1028 3695 servorum.

276 3736 369 3809 Quod
393 3737 419 3799 si
441 3738 593 3818 ingennus
616 3743 669 3797 aut
685 3737 787 3818 regius
804 3734 853 3796 vel
869 3734 1099 3797 ecclesiasticus
1115 3736 1213 3796 hemo
1236 3753 1329 3796 servo

169 3819 365 3916 infregerit,
387 3820 533 3888 9solidis
555 3821 718 3902 culpabilis
740 3821 903 3892 indicetur,
926 3827 980 3882 aut
1002 3819 1147 3882 dominus
1170 3820 1236 3881 eius
1259 3838 1329 3880 cnm

168 3906 188 3969 6
210 3912 301 3966 iuret
695 3990 794 4052 XXII·

349 4093 402 4154 De
425 4112 517 4156 osse
539 4094 672 4156 fracto
694 4093 958 4176 ingenuorum
981 4112 1000 4155 a
1023 4111 1149 4156 servo.

49 4206 92 4269 *μ
105 4205 159 4256 220.
275 4195 369 4269 Quod
392 4197 418 4259 si
441 4216 551 4260 servus
580 4196 699 4259 homini
722 4198 843 4261 Franco
867 4205 920 4260 eut
941 4196 1108 4258 *Ribuario
1132 4215 1168 4256 os
1190 4193 1329 4274 fregerit,

170 4279 316 4347 dominus
345 4281 411 4345 eius
440 4285 481 4350 36
504 4282 612 4346 solidis
643 4282 805 4363 culpabilis
834 4281 999 4344 indicetur.
1048 4280 1080 4342 Si
1110 4288 1213 4342 aufem
1241 4278 1330 4360 regie
