2956 4944
224 329 262 384 38
548 325 696 386 INDICES
715 326 824 386 LEGIS
843 326 1056 387 uincentem

242 505 312 560 Edit.
480 502 543 560 cod.
563 503 621 559 Aa
1072 504 1132 561 At.

256 595 307 659 68.
329 594 376 655 De
398 611 472 657 ossa
488 595 648 675 supervia
664 614 781 659 sonans
824 599 874 662 71.
898 596 944 656 De
977 614 1053 658 osso
1086 614 1182 678 super
1215 596 1299 659 viam
1331 617 1396 660 so-

329 677 508 760 velabsque
520 678 782 742 eiusiouemsan-
898 686 995 742 uantc
1017 678 1067 740 vel
1084 684 1205 762 absque
1228 680 1394 744 effusione

329 761 440 844 guinis.
899 761 1070 845 sanguinis.

256 849 307 912 69.
330 847 377 908 De
400 866 439 909 eo
463 847 516 928 qui
538 845 621 928 regis
644 845 780 910 infidelis
825 849 875 911 72.
897 847 944 907 De
978 864 1017 907 eo
1051 847 1104 927 qui
1136 866 1212 931 rege
1244 848 1391 911 infidelis

330 930 439 994 extitit.
900 928 1011 993 extitit.

256 1016 305 1078 70.
328 1015 375 1075 De
397 1013 527 1076 homine
543 1033 561 1074 a
577 1011 661 1095 ligno
676 1013 781 1076 inter-
824 1016 875 1080 73.
898 1014 944 1074 De
968 1013 1097 1074 homine
1122 1034 1140 1077 a
1163 1014 1249 1097 ligno
1280 1015 1390 1079 iuter-

329 1097 422 1159 fecto.
897 1097 991 1160 tecto.

139 1228 145 1239 .
207 1224 212 1235 .
255 1182 305 1246 71.
328 1181 374 1241 De
403 1180 516 1243 fistuca
543 1179 780 1245 intercurrente.
824 1184 875 1247 74.
897 1182 944 1242 De
966 1179 1078 1244 fistuca
1099 1181 1343 1248 intercurrente.

254 1266 305 1328 72.
327 1264 373 1325 De
396 1263 525 1325 homine
545 1263 708 1328 intertiato
731 1265 782 1327 vel
824 1269 874 1331 75.
897 1265 943 1325 De
975 1264 1105 1326 humine
1138 1266 1299 1329 intertiato
1335 1269 1388 1331 vel

329 1367 444 1426 pecore
467 1355 603 1411 mortuo.
898 1367 994 1428 pecus
1018 1357 1154 1412 mortuo.

255 1433 305 1497 73.
328 1433 375 1492 Dc
393 1431 524 1494 homine
538 1433 636 1514 ligato
659 1435 780 1514 absque
824 1435 875 1497 76.
898 1432 944 1492 De
966 1431 1094 1493 homine
1121 1432 1217 1516 ligato
1249 1441 1281 1495 et
1303 1437 1388 1499 abs-

328 1514 453 1579 iudicio.
898 1534 959 1594 que
979 1515 1094 1577 iudicio
1114 1516 1254 1581 dimisso.

257 1600 309 1664 74.
331 1598 781 1663 Utuulluscumscrvotradat
825 1603 875 1665 77.
897 1598 937 1660 [11
966 1598 1068 1662 nullus
1097 1619 1166 1661 cum
1195 1620 1289 1664 servo
1311 1611 1388 1665 tra-

328 1682 378 1744 vel
398 1682 703 1746 commendationem
726 1683 780 1744 ta·
898 1682 1049 1744 ditionem
1079 1683 1129 1745 vel
1156 1688 1386 1749 commutatio-

328 1766 394 1829 tiat.
895 1785 967 1827 nem
990 1766 1096 1830 faciat.

254 1851 305 1914 75.
327 1850 374 1910 De
397 1868 462 1911 rem
484 1847 632 1930 propriso
654 1849 704 1912 vel
727 1870 781 1912 sc·
823 1850 875 1913 78.
897 1851 944 1911 De
972 1869 1023 1912 res
1053 1850 1215 1933 proprisas
1245 1853 1297 1916 vel
1327 1874 1387 1917 se-

329 1940 410 1994 cuta.
898 1942 1030 2014 quantes
1053 1954 1134 1998 eam.

254 2019 306 2083 76.
329 2018 375 2078 De
397 2017 605 2079 materiamen
627 2018 742 2082 furato.
823 2019 874 2083 79.
897 2019 943 2079 De
977 2018 1183 2081 materiamen
1216 2020 1266 2083 vel
1296 2022 1387 2106 ligna

897 2102 1010 2165 furata.

255 2187 306 2249 77.
329 2186 374 2246 De
396 2183 525 2246 homine
548 2185 727 2248 forbatudo.
823 2184 875 2249 80.
897 2186 944 2246 De
966 2187 1094 2247 homine
1116 2185 1313 2251 forbattudo.

244 2271 306 2333 78.
328 2270 375 2331 Dc
403 2269 516 2331 turone
546 2269 577 2330 in
605 2270 701 2332 domo
724 2288 780 2330 rc·
823 2269 875 2332 81.
899 2268 959 2342 Qui
981 2271 1128 2333 turonem
1150 2270 1181 2331 in
1204 2274 1300 2334 domo
1325 2293 1386 2336 re-

328 2358 430 2433 cepto.
897 2353 980 2434 cipit.

252 2439 305 2500 79.
328 2439 375 2497 De
396 2435 526 2496 homine
546 2437 695 2516 penduto.
823 2436 875 2499 82.
897 2438 943 2497 De
964 2435 1094 2499 homine
1112 2439 1252 2519 penduto
1268 2442 1384 2505 eteius

895 2520 1083 2584 hereditate.

253 2601 306 2666 80.
329 2602 375 2662 De
397 2601 448 2663 via
471 2601 592 2667 lacinia.
823 2603 874 2668 83.
897 2604 943 2665 De
967 2604 1016 2667 via
1038 2605 1150 2668 lecina.

254 2685 305 2750 81.
328 2684 368 2746 Ut
390 2685 537 2766 parvulus
554 2705 619 2747 non
641 2705 781 2767 respon·
823 2687 874 2750 84.
896 2686 936 2748 Ut
965 2689 1115 2770 parvulus
1145 2710 1208 2753 nou
1241 2711 1384 2773 respon-

329 2768 498 2832 destante
522 2773 561 2836 15
584 2790 694 2833 annus.
900 2772 974 2835 deat
995 2781 1070 2836 ante
1094 2778 1132 2841 15
1155 2795 1267 2839 annos.

222 2895 400 2902 -.-—..-...
991 2901 1354 2912 -....-.-..—.-...—

734 2919 816 2976 Codd.
836 2923 867 2976 B.

255 3010 305 3074 70.
330 3007 402 3092 (72.)
424 3010 470 3105 iic
498 3027 570 3070 osse
598 3028 694 3088 super
723 3009 808 3072 viam
837 3022 972 3075 sonante
1000 3012 1050 3076 vel
1077 3016 1198 3097 absque
1229 3015 1386 3079 effusione

327 3110 497 3173 sanguinus.

253 3178 304 3240 71.
329 3176 389 3256 (73.
423 3177 470 3236 De
493 3193 531 3235 eo
554 3175 607 3255 qui
629 3175 694 3259 regi
716 3175 853 3242 infidelis
876 3178 984 3241 extitit.

253 3262 304 3325 72.
337 3259 388 3324 74.
422 3260 469 3319 De
489 3258 619 3320 homine
642 3278 660 3322 a
684 3260 768 3343 tigno
790 3263 965 3326 interfecto.

137 3407 143 3418 ,
205 3405 209 3416 ,
253 3346 305 3410 73.
340 3346 390 3408 75.
423 3343 470 3403 De
491 3340 604 3405 fistuca
627 3343 866 3410 intercurrente.

252 3429 304 3492 74.
338 3429 389 3490 76.
421 3427 472 3487 De
490 3425 619 3488 homine
640 3428 804 3492 intertiato
827 3431 877 3492 vel
899 3446 1016 3509 pecore
1038 3435 1172 3488 mortuo.

252 3514 303 3576 75.
339 3514 399 3587 77.)
421 3511 468 3572 Dc
489 3509 618 3572 homine
639 3511 736 3594 ligato
759 3516 879 3596 absque
899 3511 1014 3573 iudicio
1037 3509 1176 3573 dimisso.

251 3597 303 3661 76.
338 3593 583 3678 reputandus
606 3615 677 3659 cum
699 3617 792 3661 servo
815 3595 1013 3659 traditionem
1036 3591 1087 3654 vel
1106 3593 1379 3675 comparationem

340 3678 431 3741 aciat.

252 3765 304 3827 77.
339 3763 399 3846 79.)
422 3764 469 3824 De
490 3782 526 3823 re
548 3765 698 3845 proprisa
721 3763 771 3825 vel
793 3769 910 3825 secuta.

252 3847 303 3912 78.
337 3846 400 3924 80.)
423 3848 469 3908 De
492 3848 709 3919 materiamine
730 3847 780 3909 vel
803 3845 893 3929 lignis
916 3843 1036 3908 furatis.

251 3932 303 3995 79.
328 3929 401 4013 181.)
422 3932 469 3992 De
491 3931 619 3992 homine
640 3931 832 3993 turbattudc.

251 4014 303 4079 80.
337 4015 399 4096 82.)
420 4016 466 4076 De
488 4033 527 4076 co
550 4015 605 4095 qui
626 4015 727 4076 furem
747 4014 779 4074 in
802 4013 899 4075 domo
920 4013 1074 4094 reciperit.
1201 4081 1203 4086 ,

249 4098 302 4164 81.
335 4099 396 4182 83.)
420 4101 466 4160 De
488 4098 617 4159 homine
638 4097 779 4177 penduto
803 4104 834 4159 et
855 4097 921 4160 cius
942 4098 1129 4160 hereditate.

249 4181 303 4246 82.
326 4183 398 4349 )84.)
421 4183 468 4244 De
489 4181 561 4243 viae
581 4181 694 4244 lacina.

250 4265 302 4330 83.

336 4266 397 4349 85.)
421 4267 461 4328 Ut
481 4264 629 4345 parvulus
652 4285 714 4326 uon
737 4266 930 4347 respondeat
952 4273 1025 4327 ante
1050 4268 1087 4332 15
1111 4285 1222 4329 annus.
