2956 4944
224 333 240 384 6
645 327 722 382 LEX
740 325 925 382 monulus.

223 500 402 564 intercedit.
457 498 532 564 Alio
560 498 647 563 enim
671 498 766 563 modo
795 497 884 561 abiae
907 505 1023 582 portes
1052 497 1133 582 lepis
1154 496 1338 562 Ribuoriac

223 606 293 648 oum
315 582 382 669 ispe
404 582 520 648 Satira
543 603 708 646 conuenae
730 589 815 644 eunt.
858 580 1106 664 Distinquimus
1128 582 1232 643 enim:

306 667 332 729 Ι.
349 667 497 751 primam
512 675 643 750 partem
665 664 745 750 lepis
766 663 965 743 Ribuorioe,
994 684 1076 747 quae
1101 662 1211 727 titulos
1234 663 1336 727 1-31

222 756 345 831 (tentus
366 748 415 830 A)
442 748 693 833 comprehendit.
740 745 831 820 Quae
858 768 945 830 pars
973 745 1055 831 lepis
1083 745 1267 810 Ribuarioe
1298 747 1338 809 de

221 841 321 896 vetere
348 834 421 897 iure
450 831 704 910 Ribuariorum,
735 831 898 914 imprimis
928 830 967 893 de
995 851 1128 893 numero
1158 829 1338 892 solidorum

215 937 281 998 pro
304 916 533 999 compositione
552 912 776 977 solvendorum
790 913 904 977 tradit.
936 911 1115 996 Pleraeque
1130 921 1236 976 autem
1254 933 1336 975 oom-

215 999 398 1081 positiones
421 1020 443 1060 a
465 995 750 1081 compositionibus
771 993 852 1080 lepis
868 994 1002 1060 dolicae
1023 994 1187 1080 differunt.
1222 995 1336 1079 Neque

113 1097 272 1150 ”remores
302 1082 398 1165 ipsa,
429 1080 551 1163 neque*
572 1080 670 1143 oerba
692 1100 732 1142 en
763 1077 832 1164 beqe
861 1077 977 1143 Salices
1005 1079 1199 1161 deprompta
1228 1086 1335 1141 suntl.

23 1168 26 1173 ’
221 1164 312 1228 Haec
340 1165 447 1249 iqitur
469 1185 557 1248 pore
585 1162 665 1249 lepis
695 1161 880 1225 Ribuarioe
910 1183 981 1226 cum
1007 1160 1075 1246 ispe
1103 1160 1219 1226 Satira
1250 1159 1336 1225 nibil

221 1260 385 1312 commune
407 1246 518 1328 bobet;

304 1330 349 1393 ΙΙ.
361 1329 537 1393 secundom
543 1338 675 1412 partem
686 1327 768 1413 lepis
776 1328 969 1406 Ribuarioc,
982 1348 1064 1411 quoe
1075 1326 1186 1390 titulos
1198 1326 1335 1390 32-64.

219 1412 449 1497 complectitur.
486 1410 561 1485 Qua
582 1413 620 1477 in
639 1419 737 1510 parte
752 1411 872 1476 cesion
897 1409 1024 1474 eoliter
1039 1432 1071 1473 se
1087 1410 1189 1473 babet.
1221 1410 1335 1494 Neque

205 1498 305 1561 enim
325 1493 429 1560 solum
446 1494 598 1579 plerique
619 1494 707 1560 tetuli
728 1495 833 1579 slepe
884 1491 971 1558 alica
993 1494 1134 1557 decincti
1154 1503 1241 1574 sunt,
1269 1493 1334 1572 sed,

218 1580 257 1644 id
284 1578 371 1663 quod
398 1579 537 1643 maximi
565 1580 715 1642 momenti
746 1585 808 1656 est,
843 1578 922 1641 ordo
955 1597 1090 1662 qnoque,
1122 1597 1215 1659 quem
1246 1574 1335 1642 tituli

219 1671 415 1747 sequuntur,
445 1662 611 1744 ratioque,
664 1683 711 1724 uo
743 1662 884 1724 materia
912 1659 1019 1744 lequm
1047 1660 1210 1742 disposita
1240 1668 1335 1743 atque

219 1754 378 1809 enarrata
398 1752 453 1825 est,
474 1743 574 1829 lepem
589 1682 737 1808 Sadoom
750 1745 910 1808 imitatur.
943 1743 1068 1825 Incipit
1090 1750 1206 1806 auctor
1223 1744 1335 1828 partis

219 1828 381 1893 secundae
404 1850 425 1890 a
443 1829 553 1911 primo
574 1827 668 1891 tituto
687 1827 769 1912 lepis
785 1825 917 1891 dolicae
932 1824 972 1890 de
987 1825 1131 1890 mannire
1147 1831 1206 1907 (=
1221 1828 1270 1889 tit.
1282 1826 1333 1889 32.

218 1910 301 1997 lepis
315 1909 420 1992 Rea),
442 1919 487 1990 ut,
509 1909 613 1975 titulis
634 1909 714 1996 lepis
733 1908 866 1974 Salices
888 1908 1084 1992 (seeundum
1105 1917 1226 1973 tentum
1249 1910 1334 1973 anti-

240 2017 318 2058 uum
330 1992 371 2058 65
386 1992 572 2074 titulorum)
590 1994 717 2057 omissis
734 1993 838 2074 modo,
854 1993 947 2056 modo
963 1992 1144 2056 imitatione
1160 1993 1335 2077 coopereris,

219 2017 319 2162 dapem
332 2076 531 2142 Ribuoriom
546 2099 616 2141 eam
635 2075 764 2157 scribut,
787 2098 870 2161 quoe
884 2075 966 2160 lepis
980 2074 1114 2140 Saliene
1127 2075 1207 2158 filio
1222 2077 1336 2140 uocari

215 2161 332 2246 possit.
375 2159 426 2224 Ne
449 2181 488 2223 ue
509 2169 576 2223 tom
599 2158 733 2246 sinqulo
760 2159 873 2240 uerba,
902 2181 1000 2244 quam
1026 2166 1126 2223 totum
1155 2167 1337 2225 contentum

220 2252 249 2307 et
271 2244 418 2308 ordinem
428 2182 520 2329 beqis
543 2242 674 2308 Saliene
696 2245 886 2352 exprimere,
909 2263 1008 2306 ouroe
1030 2243 1061 2306 ei
1072 2242 1160 2327 fuit.
1190 2243 1268 2307 Ideo
1290 2244 1337 2307 iis

219 2326 457 2407 sanctionibus,
478 2346 563 2409 quos
584 2350 600 2390 e
621 2326 690 2412 leqe
713 2324 830 2391 bolico
850 2327 1060 2411 deprompsit,
1083 2325 1172 2390 abias
1194 2325 1335 2405 addidit,

219 2431 312 2494 quae,
336 2431 534 2493 quamquam
555 2411 592 2474 in
614 2408 681 2495 leqe
697 2408 812 2474 Salices
828 2431 895 2473 non
912 2410 1136 2489 inueniuntur,
1157 2417 1265 2473 tamen
1287 2411 1334 2472 eis

219 2492 314 2555 rebus
329 2513 494 2556 conuenae
509 2500 592 2572 sunt,
615 2513 699 2576 quos
712 2491 800 2556 tituli
813 2514 829 2555 e
843 2492 911 2578 leqe
926 2490 1042 2557 Salica
1057 2493 1199 2557 derivati
1212 2501 1334 2556 tracto-

218 2583 342 2640 ocrunt.
378 2573 599 2657 Conferantur
620 2597 707 2640 suem
732 2574 758 2638 li
770 2577 886 2660 qratia
900 2575 988 2640 tituli
1001 2576 1053 2641 32.
1068 2575 1120 2658 33,
1140 2574 1198 2639 ubi
1220 2583 1335 2638 auctor

219 2667 327 2723 noster
355 2658 520 2722 sanctioni
548 2657 677 2744 beqisS
712 2660 783 2722 icae
811 2660 850 2723 de
879 2659 1078 2724 manniendo
1105 2658 1224 2723 multos
1247 2658 1333 2723 abiae

218 2744 405 2808 sanctiones
433 2739 471 2803 de
498 2741 620 2805 iterata
647 2763 686 2805 ac
704 2741 878 2826 frustrata
899 2743 1102 2807 mannitione
1123 2743 1212 2807 etde
1233 2745 1333 2807 inter-

218 2829 331 2890 tiondo
354 2825 395 2908 (i.
418 2846 443 2887 e.
466 2822 505 2886 de
526 2824 630 2905 modo,
660 2846 722 2910 quo
753 2825 880 2891 abienus
901 2827 951 2890 rei
966 2846 1136 2910 possessor
1158 2847 1180 2890 o
1202 2825 1333 2891 domino

220 2910 266 2974 ad
286 2909 450 2974 iudicinm
471 2906 642 2989 trabatur)
666 2907 806 2973 addidit.

301 2993 415 3077 Neque
437 3012 512 3055 oero
534 2989 753 3056 roboratione
780 2992 954 3075 scribendi,
986 2993 1043 3058 sed
1068 2994 1166 3058 ctiam
1194 3013 1230 3057 re
1256 2993 1334 3076 ipsa

219 3077 364 3143 secunda
382 3098 467 3160 pore
489 3072 570 3159 lepis
592 3072 776 3139 Ribuariae
798 3099 820 3139 o
838 3079 955 3161 prima
970 3086 1069 3161 parte
1091 3077 1250 3142 abborret.
1293 3076 1335 3138 In

219 3182 287 3225 com
314 3158 510 3224 ositionibue‘
535 3157 621 3221 enim
650 3159 812 3222 secundae
832 3162 947 3244 portis
973 3182 1040 3224 non
1067 3168 1185 3224 veteres
1207 3160 1336 3222 numeri

115 3279 118 3286 ·
209 3181 407 3323 solidorum,
441 3263 520 3327 quos
541 3242 658 3325 prima
682 3262 769 3324 pars
796 3241 878 3327 lepis
899 3242 1083 3308 Ribuoriae
1110 3241 1246 3320 conbibet,
1278 3239 1335 3303 sed

209 3325 287 3411 fere
302 3346 427 3409 semper
442 3326 689 3426 compositiones
700 3324 782 3409 lepis
793 3323 925 3390 Saliene
937 3327 1156 3390 observantur.
1178 3322 1334 3388 Secunda

216 3411 325 3495 'iqitur
340 3431 428 3494 pars
448 3407 529 3494 leque
543 3409 726 3474 Ribuarioe
742 3429 862 3507 corpus
875 3410 963 3473 iuris
976 3409 1137 3474 Ribuarii
1150 3408 1219 3471 dici
1228 3413 1335 3489 potest

220 3495 257 3559 in
269 3492 420 3578 formam
440 3495 527 3557 iuris
548 3490 657 3557 Solioi
677 3492 813 3556 redacti.

178 3603 199 3651 .'
303 3576 354 3639 De
370 3575 541 3660 peculiari
560 3576 664 3657 modo,
694 3598 756 3661 quo
784 3576 914 3641 numeri
933 3574 1111 3639 edideram
1131 3574 1170 3636 in
1191 3571 1335 3636 secunda

214 3668 313 3744 parte
334 3658 416 3744 lepis
438 3661 681 3744 conprimuntur,
703 3658 800 3744 infra
818 3664 848 3737 35.
866 3659 896 3722 3.
918 3656 1126 3722 tractandum
1146 3663 1201 3719 est.
1244 3655 1336 3721 Satis

222 3935 249 3997 1)
269 3930 349 3984 Solus
361 3932 480 3997 sortasse
500 3932 537 3983 tit.
559 3932 601 3982 lb.
622 3929 774 3983 eximendus
793 3938 839 3993 est,
859 3930 905 3980 ubi
928 3929 1009 3981 uerbo
1032 3928 1097 3997 lepis
1114 3924 1275 3980 Ribuorioe:
1304 3923 1334 3974 Si

221 4007 280 4072 quis
299 4007 430 4070 ingenuus
456 4007 602 4069 ingenuum
621 4004 774 4057 Ribuerium
800 4002 956 4054 interficerit
979 4007 1006 4053 et
1032 4018 1092 4052 sum
1119 4016 1178 4052 oum
1197 4013 1271 4050 remo
1290 4001 1336 4047 sut

221 4077 298 4129 callis
317 4078 361 4128 vel
386 4079 414 4128 in
438 4080 518 4144 pusio
539 4093 588 4128 eeu
614 4079 642 4127 in
666 4092 736 4141 aqua
753 4091 920 4142 quocumque
943 4075 1012 4126 libet
1033 4073 1094 4125 loco
1121 4073 1203 4123 celari
1221 4070 1337 4122 voluerit

214 4164 279 4202 ‘nem
297 4149 383 4202 verbis
408 4149 471 4219 lepis
492 4148 613 4200 dolicae:
637 4149 700 4200 Sive
726 4165 771 4200 eos
794 4151 823 4199 in
845 4156 954 4215 puteum
973 4152 1020 4198 eut
1045 4148 1073 4196 in
1092 4162 1163 4212 sque
1181 4145 1283 4196 miserit
1301 4169 1337 4178 -

220 4226 243 4275 ei
259 4241 322 4275 vero
343 4239 389 4275 soe
409 4224 443 4273 de
465 4223 543 4274 cellis
562 4227 609 4273 sut
628 4220 661 4271 do
680 4237 755 4272 rems
776 4223 943 4288 cooperuerit
961 4219 1099 4272 coboercre
1118 4218 1251 4271 uidentur.
