2956 4944
124 556 144 598 ρ.
152 538 204 587 272.

214 326 268 381 118
482 322 559 378 LEX
579 320 806 379 FRANCORUM
827 320 1102 380 cnttttvotttttt.

746 499 839 571 Vttt.

316 617 357 691 si
383 618 467 717 quis
492 616 653 691 missum
680 617 914 701 dominicum
937 616 1129 712 occiderit,
1156 619 1305 715 quando
1332 619 1373 691 in

215 718 412 793 missatico
436 718 603 792 directus
626 717 750 815 fuerit⁷
770 717 807 789 in
829 729 906 792 tres
926 717 1164 816 weregildoS‚
1183 719 1283 793 sicut
1302 745 1373 794 sua

215 819 394 894 nativitas
414 830 485 914 est,
505 843 732 918 componere
751 818 876 892 faciat.

759 955 819 1028 lX.

317 1075 358 1148 Si
378 1074 462 1173 quis
476 1096 721 1173 wargengum
736 1073 930 1170 occiderit,
949 1073 1093 1148 solidos
1107 1076 1183 1149 600
1196 1074 1234 1146 in
1250 1075 1373 1148 domi·

216 1177 301 1251 nico
323 1185 537 1274 componat.

771 1280 812 1354 X.

316 1401 358 1476 Si
377 1401 461 1499 quis
479 1400 702 1474 hominem
692 1425 900 1514 ingenuum
920 1400 965 1472 ad
986 1399 1183 1475 servitium
1198 1399 1371 1498 requirit

217 1499 1372 1616 cum12homiribusdesuisproximisparentibusin*sanctis

217 1604 333 1701 iuret
361 1615 399 1677 et
425 1628 467 1678 se
495 1602 701 1702 ingenuum
729 1626 815 1677 esse
840 1600 992 1699 faciat*
1018 1613 1083 1675 aut
1107 1602 1144 1674 in
1171 1601 1371 1676 servitium

218 1704 339 1778 cadat

335 1820 359 1904 ²¹⁸)
384 1829 521 1886 eodem:
541 1819 573 1880 in
596 1823 739 1881 sanctum
761 1819 929 1900 ingenuum
952 1838 987 1882 se
1009 1838 1080 1882 esse
1100 1818 1207 1887 faciet,

762 1959 821 2033 XI.

318 2079 390 2169 Qui
408 2103 501 2212 per
500 2079 724 2152 hantradam
742 2078 965 2153 hominem
955 2103 1161 2178 ingenuum
1181 2076 1372 2151 dimittere

218 2181 393 2278 voluerit
382 2177 501 2314 ,Nepa
515 2205 630 2253 manu
645 2179 894 2254 duodecima
884 2205 1008 2279 ipsum
1022 2179 1230 2278 ingenuum
1245 2179 1373 2252 dimit-

218 2281 467 2356 tmemmm

333 2398 358 2483 ³⁶)
384 2399 677 2471 merminiaco,
707 2396 760 2479 qui
782 2397 895 2458 dicitur
917 2403 1076 2470 sanctum,
1102 2416 1159 2460 sua
1182 2413 1276 2457 manu
1300 2413 1371 2456 cum

388 2484 427 2546 12
447 2481 549 2561 ipsum
572 2483 740 2564 ingenuum
764 2481 922 2544 dimittere
943 2482 1047 2544 faciat.

756 2622 832 2695 Xll.

319 2741 391 2830 Qui
414 2766 482 2840 per
501 2752 642 2815 cartam
661 2752 726 2815 aut
744 2766 812 2839 per
835 2742 1059 2818 hantradam
1085 2740 1273 2838 ingenuus
1301 2750 1374 2834 est,

220 2854 258 2916 et
276 2867 318 2917 se
337 2842 402 2917 ille
421 2843 515 2917 foris
534 2843 580 2916 de
597 2868 642 2916 eo
657 2841 817 2940 miserit.
836 2853 925 2915 tunc
940 2841 1004 2914 ille
1018 2840 1140 2914 leodis
1155 2841 1193 2913 in
1213 2840 1374 2914 domini-

220 2968 306 3058 cum
331 2943 470 3117 venitht,
496 2955 535 3017 et
556 2969 649 3019 suus
672 2944 876 3042 peculiaris
894 2942 1075 3017 traditum
1094 2940 1169 3015 iam
1188 2942 1289 3015 dicto
1309 2942 1374 3015 do·

219 3069 322 3118 mmo
339 3071 413 3118 non
455 3056 504 3118 at.

753 3145 846 3219 Xlll.

321 3264 393 3352 Qui
412 3289 480 3378 per
499 3276 643 3338 cartam
669 3274 727 3337 est
745 3263 951 3378 ingenuus,
975 3262 1031 3336 sic
1049 3262 1189 3336 debet
1179 3287 1217 3334 m
1244 3261 1375 3336 omnia

220 3364 408 3463 pertinere
427 3363 527 3439 sicut
545 3364 609 3438 alii
629 3364 771 3438 Franci.

750 3503 840 3575 XIV.

197 3684 200 3689 .
322 3623 395 3710 Qui
423 3624 469 3695 de
497 3570 772 3720 mundeburgio
801 3620 941 3719 aliquid
969 3622 1161 3715 habuerit,
1189 3621 1234 3694 ad
1264 3619 1374 3692 illum

220 3723 424 3898 mittem,
440 3723 503 3823 qui
516 3747 603 3797 eum
615 3722 986 3822 ingenuumdimisit,
997 3748 1063 3798 sua
1075 3722 1374 3823 peculiareverti

760 3924 832 3997 XV.

321 4043 377 4118 De
397 4044 500 4142 quali
520 4068 630 4118 causa
650 4043 749 4141 quod
770 4055 1048 4119 sacramentum
1067 4039 1316 4141 permiserit*,
1337 4054 1377 4116 et

222 4148 268 4220 ad
282 4145 464 4245 placitum
478 4172 552 4219 non
567 4144 756 4241 iuraverit,
771 4145 892 4244 ipsam
909 4170 1062 4220 causam
1078 4146 1235 4219 reddere
1246 4142 1375 4217 faciat.

337 4282 361 4368 *J
384 4295 429 4348 Sic
447 4291 470 4346 1.
489 4292 521 4347 25
546 4281 724 4361 promiserit
746 4298 865 4349 correxit
883 4295 1016 4351 Batuztm.
